month,channel,total_revenue,total_orders,aov,total_spend,new_customers,existing_customers,new_customer_orders,existing_customer_orders,sessions,users,spend,impressions,clicks,returned_value,technology_spend,revenue_share,returns_value_dist,technology_spend_dist,net_revenue,roas,cac,conversion_rate,existing_revenue,new_revenue,year_month,ltv,net_revenue_calc,return_rate
2024-01-01,Affiliate,64319.0,523.0,122.98,12864.0,306.0,102.0,310.0,213.0,2800.0,2500.0,12864.0,643200.0,3216.0,25000.0,15000.0,0.05,1250.0,750.0,63069.0,4.999922263681592,42.03921568627451,0.18678571428571428,26194.74,38123.8,2024-01,210.19281045751634,48069.0,0.01943438175344766
2024-01-01,Direct,195000.0,1500.0,130.0,0.0,800.0,1200.0,810.0,690.0,14000.0,12000.0,0.0,0.0,0.0,25000.0,15000.0,0.15,3750.0,2250.0,191250.0,,0.0,0.10714285714285714,89700.0,105300.0,2024-01,243.75,176250.0,0.019230769230769232
2024-01-01,Email,280000.0,2500.0,112.0,5000.0,1000.0,4000.0,1010.0,1490.0,23000.0,18000.0,5000.0,250000.0,25000.0,25000.0,15000.0,0.21,5250.0,3150.0,274750.0,56.0,5.0,0.10869565217391304,166880.0,113120.0,2024-01,280.0,259750.0,0.01875
2024-01-01,Organic Social,120000.0,1100.0,109.09,2500.0,400.0,1600.0,405.0,695.0,10000.0,8000.0,2500.0,125000.0,6250.0,25000.0,15000.0,0.09,2250.0,1350.0,117750.0,48.0,6.25,0.11,75817.55,44181.450000000004,2024-01,300.0,102750.0,0.01875
2024-01-01,Paid Search,450000.0,3500.0,128.57,90000.0,2000.0,800.0,2020.0,1480.0,32000.0,28000.0,90000.0,1800000.0,36000.0,25000.0,15000.0,0.34,8500.0,5100.0,441500.0,5.0,45.0,0.109375,190283.59999999998,259711.4,2024-01,225.0,426500.0,0.01888888888888889
2024-01-01,Paid Social,220000.0,1800.0,122.22,60000.0,1087.0,450.0,1100.0,700.0,25000.0,21000.0,60000.0,1700000.0,34000.0,25000.0,15000.0,0.17,4250.0,2550.0,215750.0,3.6666666666666665,55.19779208831647,0.072,85554.0,134442.0,2024-01,202.39190432382705,200750.0,0.019318181818181818
2024-02-01,Affiliate,66000.0,540.0,122.22,13200.0,315.0,105.0,320.0,220.0,2900.0,2600.0,13200.0,660000.0,3300.0,26000.0,15500.0,0.05,1300.0,775.0,64700.0,5.0,41.904761904761905,0.18620689655172415,26888.4,39110.4,2024-02,209.52380952380952,49200.0,0.019696969696969695
2024-02-01,Direct,200000.0,1550.0,129.03,0.0,820.0,1230.0,830.0,720.0,14500.0,12500.0,0.0,0.0,0.0,26000.0,15500.0,0.15,3900.0,2325.0,196100.0,,0.0,0.10689655172413794,92901.6,107094.9,2024-02,243.90243902439025,180600.0,0.0195
2024-02-01,Email,290000.0,2580.0,112.4,5200.0,1020.0,4080.0,1030.0,1550.0,23500.0,18500.0,5200.0,260000.0,26000.0,26000.0,15500.0,0.22,5720.0,3410.0,284280.0,55.76923076923077,5.098039215686274,0.1097872340425532,174220.0,115772.0,2024-02,284.3137254901961,268780.0,0.01972413793103448
2024-02-01,Organic Social,125000.0,1150.0,108.7,2600.0,410.0,1640.0,415.0,735.0,10500.0,8500.0,2600.0,130000.0,6500.0,26000.0,15500.0,0.09,2340.0,1395.0,122660.0,48.07692307692308,6.341463414634147,0.10952380952380952,79894.5,45110.5,2024-02,304.8780487804878,107160.0,0.01872
2024-02-01,Paid Search,460000.0,3580.0,128.49,92000.0,2045.0,820.0,2060.0,1520.0,33000.0,29000.0,92000.0,1840000.0,36800.0,26000.0,15500.0,0.34,8840.0,5270.0,451160.0,5.0,44.987775061124694,0.10848484848484849,195304.80000000002,264689.4,2024-02,224.93887530562347,435660.0,0.019217391304347825
2024-02-01,Paid Social,230000.0,1880.0,122.34,62000.0,1123.0,460.0,1140.0,740.0,26000.0,22000.0,62000.0,1750000.0,35000.0,26000.0,15500.0,0.17,4420.0,2635.0,225580.0,3.7096774193548385,55.20926090828139,0.07230769230769231,90531.6,139467.6,2024-02,204.80854853072128,210080.0,0.019217391304347825
2024-03-01,Affiliate,68000.0,560.0,121.43,13600.0,324.0,110.0,330.0,230.0,3000.0,2700.0,13600.0,680000.0,3400.0,27000.0,16000.0,0.05,1350.0,800.0,66650.0,5.0,41.97530864197531,0.18666666666666668,27928.9,40071.9,2024-03,209.87654320987653,50650.0,0.019852941176470587
2024-03-01,Direct,205000.0,1600.0,128.13,0.0,840.0,1260.0,850.0,750.0,15000.0,13000.0,0.0,0.0,0.0,27000.0,16000.0,0.15,4050.0,2400.0,200950.0,,0.0,0.10666666666666667,96097.5,108910.5,2024-03,244.04761904761904,184950.0,0.01975609756097561
2024-03-01,Email,300000.0,2660.0,112.78,5400.0,1040.0,4160.0,1050.0,1610.0,24000.0,19000.0,5400.0,270000.0,27000.0,27000.0,16000.0,0.21,5670.0,3360.0,294330.0,55.55555555555556,5.1923076923076925,0.11083333333333334,181575.8,118419.0,2024-03,288.46153846153845,278330.0,0.0189
2024-03-01,Organic Social,130000.0,1200.0,108.33,2700.0,420.0,1680.0,425.0,775.0,11000.0,9000.0,2700.0,135000.0,6750.0,27000.0,16000.0,0.09,2430.0,1440.0,127570.0,48.148148148148145,6.428571428571429,0.10909090909090909,83955.75,46040.25,2024-03,309.5238095238095,111570.0,0.018692307692307692
2024-03-01,Paid Search,475000.0,3700.0,128.38,95000.0,2100.0,840.0,2120.0,1580.0,34000.0,30000.0,95000.0,1900000.0,38000.0,27000.0,16000.0,0.34,9180.0,5440.0,465820.0,5.0,45.23809523809524,0.10882352941176471,202840.4,272165.6,2024-03,226.1904761904762,449820.0,0.019326315789473685
2024-03-01,Paid Social,240000.0,1960.0,122.45,64000.0,1160.0,470.0,1180.0,780.0,27000.0,23000.0,64000.0,1800000.0,36000.0,27000.0,16000.0,0.17,4590.0,2720.0,235410.0,3.75,55.172413793103445,0.0725925925925926,95511.0,144491.0,2024-03,206.89655172413794,219410.0,0.019125
2024-03-01,TikTok,35000.0,250.0,140.0,30000.0,233.0,50.0,235.0,15.0,5000.0,4500.0,30000.0,750000.0,7500.0,5000.0,2000.0,0.02,100.0,40.0,34900.0,1.1666666666666667,128.75536480686696,0.05,2100.0,32900.0,2024-03,150.21459227467813,32900.0,0.002857142857142857
2024-01-01,Affiliate,64319.0,523.0,122.98,12864.0,306.0,102.0,310.0,213.0,2800.0,2500.0,12864.0,643200.0,3216.0,25000.0,15000.0,0.048763,1219.08,731.45,63100.0,4.999922263681592,42.03921568627451,0.18678571428571428,26194.74,38123.8,2024-01,210.19281045751634,48099.92,0.018953652886394376
2024-01-01,Direct,195000.0,1500.0,130.0,0.0,800.0,1200.0,810.0,690.0,14000.0,12000.0,0.0,0.0,0.0,25000.0,15000.0,0.14782,3695.5,2217.3,191305.0,,0.0,0.10714285714285714,89700.0,105300.0,2024-01,243.75,176304.5,0.01895128205128205
2024-01-01,Email,280000.0,2500.0,112.0,5000.0,1000.0,4000.0,1010.0,1490.0,23000.0,18000.0,5000.0,250000.0,25000.0,25000.0,15000.0,0.21226,5306.5,3183.9,274694.0,56.0,5.0,0.10869565217391304,166880.0,113120.0,2024-01,280.0,259693.5,0.018951785714285713
2024-01-01,Organic Social,120000.0,1100.0,109.09,2500.0,400.0,1600.0,405.0,695.0,10000.0,8000.0,2500.0,125000.0,6250.0,25000.0,15000.0,0.09097,2274.25,1364.55,117726.0,48.0,6.25,0.11,75817.55,44181.450000000004,2024-01,300.0,102725.75,0.018952083333333335
2024-01-01,Paid Search,450000.0,3500.0,128.57,90000.0,2000.0,800.0,2020.0,1480.0,32000.0,28000.0,90000.0,1800000.0,36000.0,25000.0,15000.0,0.34115,8528.75,5117.25,441471.0,5.0,45.0,0.109375,190283.59999999998,259711.4,2024-01,225.0,426471.25,0.018952777777777777
2024-01-01,Paid Social,220000.0,1800.0,122.22,60000.0,1087.0,450.0,1100.0,700.0,25000.0,21000.0,60000.0,1700000.0,34000.0,25000.0,15000.0,0.16678,4169.5,2501.7,215831.0,3.6666666666666665,55.19779208831647,0.072,85554.0,134442.0,2024-01,202.39190432382705,200830.5,0.018952272727272727
2024-02-01,Affiliate,66000.0,540.0,122.22,13200.0,315.0,105.0,320.0,220.0,2900.0,2600.0,13200.0,660000.0,3300.0,26000.0,15500.0,0.04958,1289.08,768.49,64711.0,5.0,41.904761904761905,0.18620689655172415,26888.4,39110.4,2024-02,209.52380952380952,49210.92,0.01953151515151515
2024-02-01,Direct,200000.0,1550.0,129.03,0.0,820.0,1230.0,830.0,720.0,14500.0,12500.0,0.0,0.0,0.0,26000.0,15500.0,0.15026,3906.8,2329.03,196093.0,,0.0,0.10689655172413794,92901.6,107094.9,2024-02,243.90243902439025,180593.2,0.019534
2024-02-01,Email,290000.0,2580.0,112.4,5200.0,1020.0,4080.0,1030.0,1550.0,23500.0,18500.0,5200.0,260000.0,26000.0,26000.0,15500.0,0.21788,5664.88,3377.14,284335.0,55.76923076923077,5.098039215686274,0.1097872340425532,174220.0,115772.0,2024-02,284.3137254901961,268835.12,0.01953406896551724
2024-02-01,Organic Social,125000.0,1150.0,108.7,2600.0,410.0,1640.0,415.0,735.0,10500.0,8500.0,2600.0,130000.0,6500.0,26000.0,15500.0,0.09392,2441.92,1455.76,122558.0,48.07692307692308,6.341463414634147,0.10952380952380952,79894.5,45110.5,2024-02,304.8780487804878,107058.08,0.01953536
2024-02-01,Paid Search,460000.0,3580.0,128.49,92000.0,2045.0,820.0,2060.0,1520.0,33000.0,29000.0,92000.0,1840000.0,36800.0,26000.0,15500.0,0.34557,8984.82,5356.34,451015.0,5.0,44.987775061124694,0.10848484848484849,195304.80000000002,264689.4,2024-02,224.93887530562347,435515.18,0.019532217391304348
2024-02-01,Paid Social,230000.0,1880.0,122.34,62000.0,1123.0,460.0,1140.0,740.0,26000.0,22000.0,62000.0,1750000.0,35000.0,26000.0,15500.0,0.1728,4492.8,2678.4,225507.0,3.7096774193548385,55.20926090828139,0.07230769230769231,90531.6,139467.6,2024-02,204.80854853072128,210007.2,0.019533913043478263
2024-03-01,Affiliate,68000.0,560.0,121.43,13600.0,324.0,110.0,330.0,230.0,3000.0,2700.0,13600.0,680000.0,3400.0,27000.0,16000.0,0.04938,1333.26,790.06,66667.0,5.0,41.97530864197531,0.18666666666666668,27928.9,40071.9,2024-03,209.87654320987653,50666.740000000005,0.01960676470588235
2024-03-01,Direct,205000.0,1600.0,128.13,0.0,840.0,1260.0,850.0,750.0,15000.0,13000.0,0.0,0.0,0.0,27000.0,16000.0,0.14884,4018.68,2371.4,200981.0,,0.0,0.10666666666666667,96097.5,108910.5,2024-03,244.04761904761904,184981.32,0.019603317073170732
2024-03-01,Email,300000.0,2660.0,112.78,5400.0,1040.0,4160.0,1050.0,1610.0,24000.0,19000.0,5400.0,270000.0,27000.0,27000.0,16000.0,0.2178,5880.6,3470.4,294119.0,55.55555555555556,5.1923076923076925,0.11083333333333334,181575.8,118419.0,2024-03,288.46153846153845,278119.4,0.019602
2024-03-01,Organic Social,130000.0,1200.0,108.33,2700.0,420.0,1680.0,425.0,775.0,11000.0,9000.0,2700.0,135000.0,6750.0,27000.0,16000.0,0.09439,2548.53,1503.78,127451.0,48.148148148148145,6.428571428571429,0.10909090909090909,83955.75,46040.25,2024-03,309.5238095238095,111451.47,0.019604076923076925
2024-03-01,Paid Search,475000.0,3700.0,128.38,95000.0,2100.0,840.0,2120.0,1580.0,34000.0,30000.0,95000.0,1900000.0,38000.0,27000.0,16000.0,0.34488,9311.76,5502.48,465688.0,5.0,45.23809523809524,0.10882352941176471,202840.4,272165.6,2024-03,226.1904761904762,449688.24,0.019603705263157894
2024-03-01,Paid Social,240000.0,1960.0,122.45,64000.0,1160.0,470.0,1180.0,780.0,27000.0,23000.0,64000.0,1800000.0,36000.0,27000.0,16000.0,0.17427,4705.29,2777.88,235295.0,3.75,55.172413793103445,0.0725925925925926,95511.0,144491.0,2024-03,206.89655172413794,219294.71,0.019605375
2024-03-01,TikTok,35000.0,250.0,140.0,30000.0,233.0,50.0,235.0,15.0,5000.0,4500.0,30000.0,750000.0,7500.0,27000.0,16000.0,0.02542,686.34,404.0,34314.0,1.1666666666666667,128.75536480686696,0.05,2100.0,32900.0,2024-03,150.21459227467813,18313.660000000003,0.019609714285714286
2024-04-01,Affiliate,70000.0,580.0,120.69,14000.0,333.0,112.0,340.0,240.0,3100.0,2800.0,14000.0,700000.0,3500.0,28000.0,16500.0,0.04943,1384.04,815.6,68616.0,5.0,42.04204204204204,0.1870967741935484,28965.6,41034.6,2024-04,210.21021021021022,52115.96000000001,0.019771999999999998
2024-04-01,Direct,210000.0,1650.0,127.27,0.0,860.0,1290.0,870.0,780.0,15500.0,13500.0,0.0,0.0,0.0,28000.0,16500.0,0.14827,4151.56,2446.46,205848.0,,0.0,0.1064516129032258,99270.59999999999,110724.9,2024-04,244.1860465116279,189348.44,0.019769333333333337
2024-04-01,Email,310000.0,2740.0,113.14,5600.0,1060.0,4240.0,1070.0,1670.0,24500.0,19500.0,5600.0,280000.0,28000.0,28000.0,16500.0,0.21884,6127.52,3610.86,303872.0,55.357142857142854,5.283018867924528,0.11183673469387755,188943.8,121059.8,2024-04,292.45283018867923,287372.48,0.019766193548387097
2024-04-01,Organic Social,135000.0,1250.0,108.0,2800.0,430.0,1720.0,435.0,815.0,11500.0,9500.0,2800.0,140000.0,7000.0,28000.0,16500.0,0.09531,2668.68,1572.61,132331.0,48.214285714285715,6.511627906976744,0.10869565217391304,88020.0,46980.0,2024-04,313.95348837209303,115831.32,0.019767999999999997
2024-04-01,Paid Search,485000.0,3780.0,128.31,97000.0,2140.0,860.0,2160.0,1620.0,35000.0,31000.0,97000.0,1940000.0,38800.0,28000.0,16500.0,0.3424,9587.2,5649.6,475413.0,5.0,45.32710280373832,0.108,207862.2,277149.6,2024-04,226.6355140186916,458912.8,0.019767422680412372
2024-04-01,Paid Social,250000.0,2050.0,121.95,66000.0,1200.0,480.0,1220.0,830.0,28000.0,24000.0,66000.0,1850000.0,37000.0,28000.0,16500.0,0.17649,4941.72,2912.09,245058.0,3.787878787878788,55.0,0.07321428571428572,101218.5,148779.0,2024-04,208.33333333333334,228558.28,0.01976688
2024-04-01,TikTok,40000.0,280.0,142.86,32000.0,266.0,55.0,270.0,10.0,5500.0,5000.0,32000.0,800000.0,8000.0,28000.0,16500.0,0.02824,790.72,465.96,39209.0,1.25,120.30075187969925,0.05090909090909091,1428.6000000000001,38572.200000000004,2024-04,150.37593984962405,22709.28,0.019768
2024-05-01,Affiliate,72000.0,600.0,120.0,14400.0,342.0,115.0,350.0,250.0,3200.0,2900.0,14400.0,720000.0,3600.0,29000.0,17000.0,0.04935,1431.15,838.95,70569.0,5.0,42.10526315789474,0.1875,30000.0,42000.0,2024-05,210.52631578947367,53568.850000000006,0.019877083333333333
2024-05-01,Direct,215000.0,1700.0,126.47,0.0,880.0,1320.0,890.0,810.0,16000.0,14000.0,0.0,0.0,0.0,29000.0,17000.0,0.14736,4273.44,2505.12,210727.0,,0.0,0.10625,102440.7,112558.3,2024-05,244.3181818181818,193726.56,0.01987646511627907
2024-05-01,Email,320000.0,2820.0,113.48,5800.0,1080.0,4320.0,1090.0,1730.0,25000.0,20000.0,5800.0,290000.0,29000.0,29000.0,17000.0,0.21933,6360.57,3728.61,313639.0,55.172413793103445,5.37037037037037,0.1128,196320.4,123693.2,2024-05,296.2962962962963,296639.43,0.01987678125
2024-05-01,Organic Social,140000.0,1300.0,107.69,2900.0,440.0,1760.0,445.0,855.0,12000.0,10000.0,2900.0,145000.0,7250.0,29000.0,17000.0,0.09596,2782.84,1631.32,137217.0,48.275862068965516,6.590909090909091,0.10833333333333334,92074.95,47922.049999999996,2024-05,318.1818181818182,120217.16,0.019877428571428574
2024-05-01,Paid Search,500000.0,3900.0,128.21,100000.0,2200.0,880.0,2220.0,1680.0,36000.0,32000.0,100000.0,2000000.0,40000.0,29000.0,17000.0,0.34269,9938.01,5825.73,490062.0,5.0,45.45454545454545,0.10833333333333334,215392.80000000002,284626.2,2024-05,227.27272727272728,473061.99,0.01987602
2024-05-01,Paid Social,260000.0,2140.0,121.5,68000.0,1240.0,490.0,1260.0,880.0,29000.0,25000.0,68000.0,1900000.0,38000.0,29000.0,17000.0,0.1782,5167.8,3029.4,254832.0,3.823529411764706,54.83870967741935,0.07379310344827586,106920.0,153090.0,2024-05,209.67741935483872,237832.2,0.019876153846153845
2024-05-01,TikTok,42000.0,300.0,140.0,34000.0,280.0,60.0,285.0,15.0,6000.0,5500.0,34000.0,850000.0,8500.0,29000.0,17000.0,0.02879,834.91,489.43,41165.0,1.2352941176470589,121.42857142857143,0.05,2100.0,39900.0,2024-05,150.0,24165.089999999997,0.019878809523809524
2024-06-01,Affiliate,74000.0,620.0,119.35,14800.0,351.0,118.0,360.0,260.0,3300.0,3000.0,14800.0,740000.0,3700.0,30000.0,17500.0,0.0494,1482.0,864.5,72518.0,5.0,42.16524216524216,0.18787878787878787,31031.0,42966.0,2024-06,210.82621082621083,55018.0,0.020027027027027026
2024-06-01,Direct,220000.0,1750.0,125.71,0.0,900.0,1350.0,910.0,840.0,16500.0,14500.0,0.0,0.0,0.0,30000.0,17500.0,0.14686,4405.8,2569.05,215594.0,,0.0,0.10606060606060606,105596.4,114396.09999999999,2024-06,244.44444444444446,198094.2,0.020026363636363637
2024-06-01,Email,330000.0,2900.0,113.79,6000.0,1100.0,4400.0,1110.0,1790.0,25500.0,20500.0,6000.0,300000.0,30000.0,30000.0,17500.0,0.22026,6607.8,3854.55,323392.0,55.0,5.454545454545454,0.11372549019607843,203684.1,126306.90000000001,2024-06,300.0,305892.2,0.020023636363636365
2024-06-01,Organic Social,145000.0,1350.0,107.41,3000.0,450.0,1800.0,455.0,895.0,12500.0,10500.0,3000.0,150000.0,7500.0,30000.0,17500.0,0.09679,2903.7,1693.82,142096.0,48.333333333333336,6.666666666666667,0.108,96131.95,48871.549999999996,2024-06,322.22222222222223,124596.29999999999,0.02002551724137931
2024-06-01,Paid Search,515000.0,4020.0,128.11,103000.0,2260.0,900.0,2280.0,1740.0,37000.0,33000.0,103000.0,2060000.0,41200.0,30000.0,17500.0,0.34376,10312.8,6015.8,504687.0,5.0,45.575221238938056,0.10864864864864865,222911.40000000002,292090.80000000005,2024-06,227.87610619469027,487187.2,0.020024854368932036
2024-06-01,Paid Social,270000.0,2230.0,121.08,70000.0,1280.0,500.0,1300.0,930.0,30000.0,26000.0,70000.0,1950000.0,39000.0,30000.0,17500.0,0.18024,5407.2,3154.2,264593.0,3.857142857142857,54.6875,0.07433333333333333,112604.4,157404.0,2024-06,210.9375,247092.8,0.020026666666666665
2024-06-01,TikTok,44000.0,320.0,137.5,36000.0,294.0,65.0,300.0,20.0,6500.0,6000.0,36000.0,900000.0,9000.0,30000.0,17500.0,0.02937,881.1,513.97,43119.0,1.2222222222222223,122.44897959183673,0.04923076923076923,2750.0,41250.0,2024-06,149.65986394557822,25618.9,0.020025
2024-07-01,Affiliate,76000.0,640.0,118.75,15200.0,360.0,120.0,370.0,270.0,3400.0,3100.0,15200.0,760000.0,3800.0,31000.0,18000.0,0.04938,1530.78,888.84,74469.0,5.0,42.22222222222222,0.18823529411764706,32062.5,43937.5,2024-07,211.11111111111111,56469.22,0.020141842105263156
2024-07-01,Direct,225000.0,1800.0,125.0,0.0,920.0,1380.0,930.0,870.0,17000.0,15000.0,0.0,0.0,0.0,31000.0,18000.0,0.14619,4531.89,2631.42,220468.0,,0.0,0.10588235294117647,108750.0,116250.0,2024-07,244.56521739130434,202468.11,0.020141733333333335
2024-07-01,Email,340000.0,3000.0,113.33,6200.0,1120.0,4480.0,1130.0,1870.0,26000.0,21000.0,6200.0,310000.0,31000.0,31000.0,18000.0,0.22092,6848.52,3976.56,333151.0,54.83870967741935,5.535714285714286,0.11538461538461539,211927.1,128062.9,2024-07,303.57142857142856,315151.48,0.02014270588235294
2024-07-01,Organic Social,150000.0,1400.0,107.14,3100.0,460.0,1840.0,465.0,935.0,13000.0,11000.0,3100.0,155000.0,7750.0,31000.0,18000.0,0.09746,3021.26,1754.28,146979.0,48.38709677419355,6.739130434782608,0.1076923076923077,100175.9,49820.1,2024-07,326.0869565217391,128978.73999999999,0.020141733333333335
2024-07-01,Paid Search,530000.0,4140.0,128.02,106000.0,2320.0,920.0,2340.0,1800.0,38000.0,34000.0,106000.0,2120000.0,42400.0,31000.0,18000.0,0.34436,10675.16,6198.48,519325.0,5.0,45.689655172413794,0.10894736842105263,230436.00000000003,299566.80000000005,2024-07,228.44827586206895,501324.84,0.020141811320754717
2024-07-01,Paid Social,280000.0,2320.0,120.69,72000.0,1320.0,520.0,1340.0,980.0,31000.0,27000.0,72000.0,2000000.0,40000.0,31000.0,18000.0,0.18193,5639.83,3274.74,274360.0,3.888888888888889,54.54545454545455,0.07483870967741936,118276.2,161724.6,2024-07,212.12121212121212,256360.16999999998,0.02014225
2024-07-01,TikTok,46000.0,340.0,135.29,38000.0,308.0,70.0,315.0,25.0,7000.0,6500.0,38000.0,950000.0,9500.0,31000.0,18000.0,0.02989,926.59,538.02,45073.0,1.2105263157894737,123.37662337662337,0.04857142857142857,3382.25,42616.35,2024-07,149.35064935064935,27073.410000000003,0.020143260869565218
2024-08-01,Affiliate,78000.0,660.0,118.18,15600.0,369.0,123.0,380.0,280.0,3500.0,3200.0,15600.0,780000.0,3900.0,32000.0,18500.0,0.0494,1580.8,913.9,76419.0,5.0,42.27642276422764,0.18857142857142858,33090.4,44908.4,2024-08,211.3821138211382,57919.2,0.020266666666666665
2024-08-01,Direct,230000.0,1850.0,124.32,0.0,940.0,1410.0,950.0,900.0,17500.0,15500.0,0.0,0.0,0.0,32000.0,18500.0,0.14566,4661.12,2694.71,225339.0,,0.0,0.10571428571428572,111888.0,118104.0,2024-08,244.68085106382978,206838.88,0.020265739130434782
2024-08-01,Email,350000.0,3100.0,112.9,6400.0,1140.0,4560.0,1150.0,1950.0,26500.0,21500.0,6400.0,320000.0,32000.0,32000.0,18500.0,0.22166,7093.12,4099.71,342907.0,54.6875,5.614035087719298,0.1169811320754717,220155.0,129835.0,2024-08,307.0175438596491,324406.88,0.020266057142857143
2024-08-01,Organic Social,155000.0,1450.0,106.9,3200.0,470.0,1880.0,475.0,975.0,13500.0,11500.0,3200.0,160000.0,8000.0,32000.0,18500.0,0.09816,3141.12,1815.98,151859.0,48.4375,6.808510638297872,0.10740740740740741,104227.5,50777.5,2024-08,329.78723404255317,133358.88,0.020265290322580645
2024-08-01,Paid Search,545000.0,4260.0,127.93,109000.0,2380.0,940.0,2400.0,1860.0,39000.0,35000.0,109000.0,2180000.0,43600.0,32000.0,18500.0,0.34516,11045.12,6385.47,533955.0,5.0,45.79831932773109,0.10923076923076923,237949.80000000002,307032.0,2024-08,228.99159663865547,515454.88,0.0202662752293578
2024-08-01,Paid Social,290000.0,2410.0,120.33,74000.0,1360.0,530.0,1380.0,1030.0,32000.0,28000.0,74000.0,2050000.0,41000.0,32000.0,18500.0,0.18366,5877.12,3397.71,284123.0,3.918918918918919,54.411764705882355,0.0753125,123939.9,166055.4,2024-08,213.23529411764707,265622.88,0.020265931034482758
2024-08-01,TikTok,48000.0,360.0,133.33,40000.0,323.0,75.0,330.0,30.0,7500.0,7000.0,40000.0,1000000.0,10000.0,32000.0,18500.0,0.0304,972.8,562.4,47027.0,1.2,123.83900928792569,0.048,3999.9000000000005,43998.9,2024-08,148.60681114551085,28527.199999999997,0.020266666666666665
2024-09-01,Affiliate,80000.0,680.0,117.65,16000.0,378.0,126.0,390.0,290.0,3600.0,3300.0,16000.0,800000.0,4000.0,33000.0,19000.0,0.04941,1630.53,938.79,78369.0,5.0,42.32804232804233,0.18888888888888888,34118.5,45883.5,2024-09,211.64021164021165,59369.47,0.020381625
2024-09-01,Direct,235000.0,1900.0,123.68,0.0,960.0,1440.0,970.0,930.0,18000.0,16000.0,0.0,0.0,0.0,33000.0,19000.0,0.14515,4789.95,2757.85,230210.0,,0.0,0.10555555555555556,115022.40000000001,119969.6,2024-09,244.79166666666666,211210.05,0.020382765957446806
2024-09-01,Email,360000.0,3200.0,112.5,6600.0,1160.0,4640.0,1170.0,2030.0,27000.0,22000.0,6600.0,330000.0,33000.0,33000.0,19000.0,0.22236,7337.88,4224.84,352662.0,54.54545454545455,5.689655172413793,0.11851851851851852,228375.0,131625.0,2024-09,310.3448275862069,333662.12,0.020383000000000002
2024-09-01,Organic Social,160000.0,1500.0,106.67,3300.0,480.0,1920.0,485.0,1015.0,14000.0,12000.0,3300.0,165000.0,8250.0,33000.0,19000.0,0.09883,3261.39,1877.77,156739.0,48.484848484848484,6.875,0.10714285714285714,108270.05,51734.950000000004,2024-09,333.3333333333333,137738.61,0.0203836875
2024-09-01,Paid Search,560000.0,4380.0,127.85,112000.0,2440.0,960.0,2460.0,1920.0,40000.0,36000.0,112000.0,2240000.0,44800.0,33000.0,19000.0,0.34589,11414.37,6571.91,548586.0,5.0,45.90163934426229,0.1095,245472.0,314511.0,2024-09,229.50819672131146,529585.63,0.020382803571428573
2024-09-01,Paid Social,300000.0,2500.0,120.0,76000.0,1400.0,540.0,1420.0,1080.0,33000.0,29000.0,76000.0,2100000.0,42000.0,33000.0,19000.0,0.18529,6114.57,3520.51,293885.0,3.9473684210526314,54.285714285714285,0.07575757575757576,129600.0,170400.0,2024-09,214.28571428571428,274885.43,0.020381899999999998
2024-09-01,TikTok,50000.0,380.0,131.58,42000.0,336.0,80.0,340.0,40.0,8000.0,7500.0,42000.0,1050000.0,10500.0,33000.0,19000.0,0.03088,1019.04,586.72,48981.0,1.1904761904761905,125.0,0.0475,5263.200000000001,44737.200000000004,2024-09,148.8095238095238,29980.96,0.0203808
2024-10-01,Affiliate,82000.0,700.0,117.14,16400.0,387.0,130.0,400.0,300.0,3700.0,3400.0,16400.0,820000.0,4100.0,34000.0,19500.0,0.04943,1680.62,963.89,80319.0,5.0,42.377260981912144,0.1891891891891892,35142.0,46856.0,2024-10,211.88630490956072,60819.380000000005,0.020495365853658534
2024-10-01,Direct,240000.0,1950.0,123.08,0.0,980.0,1470.0,990.0,960.0,18500.0,16500.0,0.0,0.0,0.0,34000.0,19500.0,0.14466,4918.44,2820.87,235082.0,,0.0,0.10540540540540541,118156.8,121849.2,2024-10,244.89795918367346,215581.56,0.020493499999999998
2024-10-01,Email,370000.0,3300.0,112.12,6800.0,1180.0,4720.0,1190.0,2110.0,27500.0,22500.0,6800.0,340000.0,34000.0,34000.0,19500.0,0.22299,7581.66,4348.31,362418.0,54.411764705882355,5.762711864406779,0.12,236573.2,133422.80000000002,2024-10,313.5593220338983,342918.34,0.020490972972972973
2024-10-01,Organic Social,165000.0,1550.0,106.45,3400.0,490.0,1960.0,495.0,1055.0,14500.0,12500.0,3400.0,170000.0,8500.0,34000.0,19500.0,0.09946,3381.64,1939.47,161618.0,48.529411764705884,6.938775510204081,0.10689655172413794,112304.75,52692.75,2024-10,336.734693877551,142118.36,0.02049478787878788
2024-10-01,Paid Search,575000.0,4500.0,127.78,115000.0,2500.0,980.0,2520.0,1980.0,41000.0,37000.0,115000.0,2300000.0,46000.0,34000.0,19500.0,0.34656,11783.04,6757.92,563217.0,5.0,46.0,0.10975609756097561,253004.4,322005.6,2024-10,230.0,543716.96,0.020492243478260872
2024-10-01,Paid Social,310000.0,2600.0,119.23,78000.0,1440.0,550.0,1460.0,1140.0,34000.0,30000.0,78000.0,2150000.0,43000.0,34000.0,19500.0,0.18684,6352.56,3643.38,303647.0,3.9743589743589745,54.166666666666664,0.07647058823529412,135922.2,174075.80000000002,2024-10,215.27777777777777,284147.44,0.020492129032258066
2024-10-01,TikTok,52000.0,400.0,130.0,44000.0,352.0,85.0,360.0,40.0,8500.0,8000.0,44000.0,1100000.0,11000.0,34000.0,19500.0,0.03134,1065.56,611.16,50934.0,1.1818181818181819,125.0,0.047058823529411764,5200.0,46800.0,2024-10,147.72727272727272,31434.440000000002,0.02049153846153846
2024-11-01,Affiliate,85000.0,720.0,118.06,17000.0,396.0,132.0,410.0,310.0,3800.0,3500.0,17000.0,850000.0,4250.0,35000.0,20000.0,0.04945,1730.75,989.0,83269.0,5.0,42.92929292929293,0.18947368421052632,36598.6,48404.6,2024-11,214.64646464646464,63269.25,0.020361764705882354
2024-11-01,Direct,245000.0,2000.0,122.5,0.0,1000.0,1500.0,1010.0,990.0,19000.0,17000.0,0.0,0.0,0.0,35000.0,20000.0,0.14252,4988.2,2850.4,240012.0,,0.0,0.10526315789473684,121275.0,123725.0,2024-11,245.0,220011.8,0.02036
2024-11-01,Email,380000.0,3400.0,111.76,7000.0,1200.0,4800.0,1210.0,2190.0,28000.0,23000.0,7000.0,350000.0,35000.0,35000.0,20000.0,0.22106,7737.1,4421.2,372263.0,54.285714285714285,5.833333333333333,0.12142857142857143,244754.40000000002,135229.6,2024-11,316.6666666666667,352262.9,0.02036078947368421
2024-11-01,Organic Social,170000.0,1600.0,106.25,3500.0,500.0,2000.0,505.0,1095.0,15000.0,13000.0,3500.0,175000.0,8750.0,35000.0,20000.0,0.0989,3461.5,1978.0,166539.0,48.57142857142857,7.0,0.10666666666666667,116343.75,53656.25,2024-11,340.0,146538.5,0.020361764705882354
2024-11-01,Paid Search,590000.0,4620.0,127.71,118000.0,2560.0,1000.0,2580.0,2040.0,42000.0,38000.0,118000.0,2360000.0,47200.0,35000.0,20000.0,0.34322,12012.7,6864.4,577987.0,5.0,46.09375,0.11,260528.4,329491.8,2024-11,230.46875,557987.3,0.020360508474576273
2024-11-01,Paid Social,320000.0,2700.0,118.52,80000.0,1480.0,560.0,1500.0,1200.0,35000.0,31000.0,80000.0,2200000.0,44000.0,35000.0,20000.0,0.18616,6515.6,3723.2,313484.0,4.0,54.054054054054056,0.07714285714285714,142224.0,177780.0,2024-11,216.21621621621622,293484.4,0.02036125
2024-11-01,TikTok,54000.0,420.0,128.57,46000.0,368.0,90.0,375.0,45.0,9000.0,8500.0,46000.0,1150000.0,11500.0,35000.0,20000.0,0.03141,1099.35,628.2,52901.0,1.173913043478261,125.0,0.04666666666666667,5785.65,48213.75,2024-11,146.7391304347826,32900.65,0.020358333333333332
2024-12-01,Affiliate,90000.0,750.0,120.0,18000.0,405.0,135.0,420.0,330.0,4000.0,3700.0,18000.0,900000.0,4500.0,38000.0,21000.0,0.04865,1848.7,1021.65,88151.0,5.0,44.44444444444444,0.1875,39600.0,50400.0,2024-12,222.22222222222223,67151.3,0.02054111111111111
2024-12-01,Direct,255000.0,2100.0,121.43,0.0,1020.0,1530.0,1030.0,1070.0,20000.0,18000.0,0.0,0.0,0.0,38000.0,21000.0,0.13765,5230.7,2890.65,249769.0,,0.0,0.105,129930.1,125072.90000000001,2024-12,250.0,228769.3,0.02051254901960784
2024-12-01,Email,400000.0,3600.0,111.11,7200.0,1220.0,4880.0,1230.0,2370.0,29000.0,24000.0,7200.0,380000.0,38000.0,38000.0,21000.0,0.21622,8216.4,4540.62,391784.0,55.55555555555556,5.901639344262295,0.12413793103448276,263330.7,136665.3,2024-12,327.8688524590164,370783.6,0.020541
2024-12-01,Organic Social,180000.0,1700.0,105.88,3600.0,510.0,2040.0,515.0,1185.0,16000.0,14000.0,3600.0,180000.0,9000.0,38000.0,21000.0,0.0973,3697.4,2043.3,176303.0,50.0,7.0588235294117645,0.10625,125467.79999999999,54528.2,2024-12,352.94117647058823,155302.6,0.02054111111111111
2024-12-01,Paid Search,620000.0,4800.0,129.17,124000.0,2600.0,1020.0,2620.0,2180.0,44000.0,40000.0,124000.0,2480000.0,49600.0,38000.0,21000.0,0.33514,12735.32,7037.94,607265.0,5.0,47.69230769230769,0.10909090909090909,281590.6,338425.39999999997,2024-12,238.46153846153845,586264.68,0.02054083870967742
2024-12-01,Paid Social,340000.0,2850.0,119.3,84000.0,1500.0,570.0,1520.0,1330.0,37000.0,33000.0,84000.0,2300000.0,46000.0,38000.0,21000.0,0.18378,6983.64,3859.38,333016.0,4.0476190476190474,56.0,0.07702702702702703,158669.0,181336.0,2024-12,226.66666666666666,312016.36,0.020540117647058823
2024-12-01,TikTok,58000.0,450.0,128.89,48000.0,384.0,95.0,390.0,60.0,9500.0,9000.0,48000.0,1200000.0,12000.0,38000.0,21000.0,0.03135,1191.3,658.35,56809.0,1.2083333333333333,125.0,0.04736842105263158,7733.4,50267.09999999999,2024-12,151.04166666666666,35808.7,0.020539655172413792
2025-01-01,Affiliate,88000.0,730.0,120.55,17600.0,414.0,138.0,425.0,305.0,3900.0,3600.0,17600.0,880000.0,4400.0,36000.0,20500.0,0.04949,1781.64,1014.55,86218.0,5.0,42.51207729468599,0.18717948717948718,36767.75,51233.75,2025-01,212.56038647342996,65718.36,0.020245909090909092
2025-01-01,Direct,250000.0,2050.0,121.95,0.0,1010.0,1515.0,1020.0,1030.0,19500.0,17500.0,0.0,0.0,0.0,36000.0,20500.0,0.1406,5061.6,2882.3,244938.0,,0.0,0.10512820512820513,125608.5,124389.0,2025-01,247.52475247524754,224438.4,0.0202464
2025-01-01,Email,390000.0,3500.0,111.43,7100.0,1210.0,4840.0,1220.0,2280.0,28500.0,23500.0,7100.0,360000.0,36000.0,36000.0,20500.0,0.21935,7896.6,4496.68,382103.0,54.929577464788736,5.867768595041323,0.12280701754385964,254060.40000000002,135944.6,2025-01,322.31404958677683,361603.4,0.02024769230769231
2025-01-01,Organic Social,175000.0,1650.0,106.06,3550.0,505.0,2020.0,510.0,1140.0,15500.0,13500.0,3550.0,177500.0,8875.0,36000.0,20500.0,0.09842,3543.12,2017.61,171457.0,49.29577464788732,7.02970297029703,0.1064516129032258,120908.40000000001,54090.6,2025-01,346.53465346534654,150956.88,0.020246399999999998
2025-01-01,Paid Search,605000.0,4710.0,128.45,121000.0,2580.0,1010.0,2600.0,2110.0,43000.0,39000.0,121000.0,2420000.0,48400.0,36000.0,20500.0,0.34027,12249.72,6975.54,592750.0,5.0,46.89922480620155,0.10953488372093023,271029.5,333969.99999999994,2025-01,234.49612403100775,572250.28,0.020247471074380165
2025-01-01,Paid Social,330000.0,2770.0,119.13,82000.0,1490.0,565.0,1510.0,1260.0,36000.0,32000.0,82000.0,2250000.0,45000.0,36000.0,20500.0,0.1856,6681.6,3804.8,323318.0,4.024390243902439,55.033557046979865,0.07694444444444444,150103.8,179886.3,2025-01,221.4765100671141,302818.4,0.02024727272727273
2025-01-01,TikTok,56000.0,435.0,128.74,47000.0,376.0,92.0,380.0,55.0,9200.0,8700.0,47000.0,1175000.0,11750.0,36000.0,20500.0,0.0315,1134.0,645.75,54866.0,1.1914893617021276,125.0,0.04728260869565217,7080.700000000001,48921.200000000004,2025-01,148.93617021276594,34366.0,0.02025
2025-02-01,Affiliate,92000.0,760.0,121.05,18400.0,423.0,141.0,435.0,325.0,4100.0,3800.0,18400.0,920000.0,4600.0,38000.0,21500.0,0.04949,1880.62,1063.54,90119.0,5.0,43.498817966903076,0.18536585365853658,39341.25,52656.75,2025-02,217.49408983451536,68619.38,0.020441521739130435
2025-02-01,Direct,260000.0,2150.0,120.93,0.0,1030.0,1545.0,1040.0,1110.0,20500.0,18500.0,0.0,0.0,0.0,38000.0,21500.0,0.13986,5314.68,3006.99,254685.0,,0.0,0.1048780487804878,134232.30000000002,125767.20000000001,2025-02,252.4271844660194,233185.32,0.020441076923076923
2025-02-01,Email,410000.0,3700.0,110.81,7300.0,1230.0,4920.0,1240.0,2460.0,29500.0,24500.0,7300.0,380000.0,38000.0,38000.0,21500.0,0.22055,8380.9,4741.83,401619.0,56.16438356164384,5.934959349593496,0.12542372881355932,272592.6,137404.4,2025-02,333.3333333333333,380119.1,0.02044121951219512
2025-02-01,Organic Social,185000.0,1750.0,105.71,3650.0,515.0,2060.0,520.0,1230.0,16500.0,14500.0,3650.0,187500.0,9375.0,38000.0,21500.0,0.09952,3781.76,2139.68,181218.0,50.68493150684932,7.087378640776699,0.10606060606060606,130023.29999999999,54969.2,2025-02,359.22330097087377,159718.24,0.020441945945945946
2025-02-01,Paid Search,630000.0,4900.0,128.57,126000.0,2620.0,1030.0,2640.0,2260.0,45000.0,41000.0,126000.0,2520000.0,50400.0,38000.0,21500.0,0.33889,12877.82,7286.14,617122.0,5.0,48.091603053435115,0.10888888888888888,290568.2,339424.8,2025-02,240.45801526717557,595622.18,0.020440984126984127
2025-02-01,Paid Social,345000.0,2880.0,119.79,85000.0,1510.0,575.0,1530.0,1350.0,37000.0,33000.0,85000.0,2350000.0,47000.0,38000.0,21500.0,0.18558,7052.04,3989.98,337948.0,4.0588235294117645,56.29139072847682,0.07783783783783783,161716.5,183278.7,2025-02,228.47682119205297,316447.96,0.020440695652173914
2025-02-01,TikTok,60000.0,460.0,130.43,50000.0,392.0,98.0,400.0,60.0,9800.0,9300.0,50000.0,1250000.0,12500.0,38000.0,21500.0,0.03227,1226.26,693.81,58774.0,1.2,127.55102040816327,0.04693877551020408,7825.8,52172.0,2025-02,153.0612244897959,37273.74,0.020437666666666666
2025-03-01,Affiliate,95000.0,780.0,121.79,19000.0,432.0,144.0,445.0,335.0,4200.0,3900.0,19000.0,950000.0,4750.0,40000.0,22000.0,0.04945,1978.0,1087.9,93022.0,5.0,43.98148148148148,0.18571428571428572,40799.65,54196.55,2025-03,219.90740740740742,71022.0,0.02082105263157895
2025-03-01,Direct,270000.0,2250.0,120.0,0.0,1050.0,1575.0,1060.0,1190.0,21000.0,19000.0,0.0,0.0,0.0,40000.0,22000.0,0.14056,5622.4,3092.32,264378.0,,0.0,0.10714285714285714,142800.0,127200.0,2025-03,257.14285714285717,242377.59999999998,0.020823703703703702
2025-03-01,Email,430000.0,3900.0,110.26,7500.0,1250.0,5000.0,1260.0,2640.0,30000.0,25000.0,7500.0,400000.0,40000.0,40000.0,22000.0,0.22384,8953.6,4924.48,421046.0,57.333333333333336,6.0,0.13,291086.4,138927.6,2025-03,344.0,399046.4,0.02082232558139535
2025-03-01,Organic Social,195000.0,1850.0,105.41,3750.0,525.0,2100.0,530.0,1320.0,17000.0,15000.0,3750.0,197500.0,9875.0,40000.0,22000.0,0.10151,4060.4,2233.22,190940.0,52.0,7.142857142857143,0.10882352941176471,139141.19999999998,55867.299999999996,2025-03,371.42857142857144,168939.6,0.0208225641025641
2025-03-01,Paid Search,655000.0,5100.0,128.43,131000.0,2660.0,1050.0,2680.0,2420.0,46000.0,42000.0,131000.0,2620000.0,52400.0,40000.0,22000.0,0.34098,13639.2,7401.56,641361.0,5.0,49.24812030075188,0.1108695652173913,310800.60000000003,344192.4,2025-03,246.2406015037594,619360.8,0.020823206106870232
2025-03-01,Paid Social,360000.0,3000.0,120.0,88000.0,1530.0,580.0,1550.0,1450.0,38000.0,34000.0,88000.0,2450000.0,49000.0,40000.0,22000.0,0.1874,7496.0,4122.8,352504.0,4.090909090909091,57.51633986928105,0.07894736842105263,174000.0,186000.0,2025-03,235.2941176470588,330504.0,0.02082222222222222
2025-03-01,TikTok,64000.0,480.0,133.33,52000.0,408.0,102.0,415.0,65.0,10200.0,9700.0,52000.0,1300000.0,13000.0,40000.0,22000.0,0.03332,1332.8,733.04,62667.0,1.2307692307692308,127.45098039215686,0.047058823529411764,8666.45,55331.950000000004,2025-03,156.86274509803923,40667.2,0.020825
2025-04-01,Affiliate,98000.0,800.0,122.5,19600.0,441.0,147.0,455.0,345.0,4300.0,4000.0,19600.0,980000.0,4900.0,42000.0,22500.0,0.04952,2079.84,1114.2,95920.0,5.0,44.44444444444444,0.18604651162790697,42262.5,55737.5,2025-04,222.22222222222223,73420.16,0.021222857142857144
2025-04-01,Direct,280000.0,2350.0,119.15,0.0,1070.0,1605.0,1080.0,1270.0,21500.0,19500.0,0.0,0.0,0.0,42000.0,22500.0,0.14148,5942.16,3183.3,274058.0,,0.0,0.10930232558139535,151320.5,128682.0,2025-04,261.68224299065423,251557.84000000003,0.021221999999999998
2025-04-01,Email,450000.0,4100.0,109.76,7700.0,1270.0,5080.0,1280.0,2820.0,30500.0,25500.0,7700.0,420000.0,42000.0,42000.0,22500.0,0.22739,9550.38,5116.28,440449.0,58.44155844155844,6.062992125984252,0.13442622950819672,309523.2,140492.80000000002,2025-04,354.3307086614173,417949.62,0.021223066666666665
2025-04-01,Organic Social,205000.0,1950.0,105.13,3850.0,535.0,2140.0,540.0,1410.0,17500.0,15500.0,3850.0,207500.0,10375.0,42000.0,22500.0,0.10359,4350.78,2330.78,200649.0,53.246753246753244,7.196261682242991,0.11142857142857143,148233.3,56770.2,2025-04,383.1775700934579,178149.22,0.021223317073170732
2025-04-01,Paid Search,680000.0,5300.0,128.3,136000.0,2700.0,1070.0,2720.0,2580.0,47000.0,43000.0,136000.0,2720000.0,54400.0,42000.0,22500.0,0.34361,14431.62,7731.23,665568.0,5.0,50.370370370370374,0.1127659574468085,331014.00000000006,348976.00000000006,2025-04,251.85185185185185,643068.38,0.021222970588235295
2025-04-01,Paid Social,375000.0,3120.0,120.19,91000.0,1550.0,590.0,1570.0,1550.0,39000.0,35000.0,91000.0,2550000.0,51000.0,42000.0,22500.0,0.18949,7958.58,4263.53,367041.0,4.1208791208791204,58.70967741935484,0.08,186294.5,188698.3,2025-04,241.93548387096774,344541.42,0.02122288
2025-04-01,TikTok,68000.0,500.0,136.0,54000.0,424.0,106.0,430.0,70.0,10500.0,10000.0,54000.0,1350000.0,13500.0,42000.0,22500.0,0.03436,1443.16,773.12,66557.0,1.2592592592592593,127.35849056603773,0.047619047619047616,9520.0,58480.0,2025-04,160.37735849056602,44056.84,0.02122294117647059
2025-05-01,Affiliate,100000.0,820.0,121.95,20000.0,450.0,150.0,465.0,355.0,4400.0,4100.0,20000.0,1000000.0,5000.0,44000.0,23000.0,0.04948,2177.12,1138.04,97823.0,5.0,44.44444444444444,0.18636363636363637,43292.25,56706.75,2025-05,222.22222222222223,74822.88,0.021771199999999997
2025-05-01,Direct,290000.0,2450.0,118.37,0.0,1090.0,1635.0,1100.0,1350.0,22000.0,20000.0,0.0,0.0,0.0,44000.0,23000.0,0.14349,6313.56,3290.27,283686.0,,0.0,0.11136363636363636,159799.5,130207.0,2025-05,266.0550458715596,260686.44,0.02177089655172414
2025-05-01,Email,470000.0,4300.0,109.3,7900.0,1290.0,5160.0,1300.0,3000.0,31000.0,26000.0,7900.0,440000.0,44000.0,44000.0,23000.0,0.23256,10232.6,5348.88,459767.0,59.49367088607595,6.124031007751938,0.13870967741935483,327900.0,142090.0,2025-05,364.3410852713178,436767.4,0.021771489361702128
2025-05-01,Organic Social,215000.0,2050.0,104.88,3950.0,545.0,2180.0,550.0,1500.0,18000.0,16000.0,3950.0,217500.0,10875.0,44000.0,23000.0,0.10638,4680.72,2446.74,210319.0,54.43037974683544,7.247706422018348,0.11388888888888889,157320.0,57684.0,2025-05,394.4954128440367,187319.28,0.02177079069767442
2025-05-01,Paid Search,705000.0,5500.0,128.18,141000.0,2740.0,1090.0,2760.0,2740.0,48000.0,44000.0,141000.0,2820000.0,56400.0,44000.0,23000.0,0.34884,15348.88,8023.32,689651.0,5.0,51.45985401459854,0.11458333333333333,351213.2,353776.80000000005,2025-05,257.2992700729927,666651.12,0.0217714609929078
2025-05-01,Paid Social,390000.0,3240.0,120.37,94000.0,1570.0,600.0,1590.0,1650.0,40000.0,36000.0,94000.0,2650000.0,53000.0,44000.0,23000.0,0.19297,8490.68,4438.31,381509.0,4.148936170212766,59.87261146496815,0.081,198610.5,191388.30000000002,2025-05,248.40764331210192,358509.32,0.02177097435897436
2025-05-01,TikTok,71000.0,520.0,136.54,56000.0,440.0,110.0,445.0,75.0,11000.0,10500.0,56000.0,1400000.0,14000.0,44000.0,23000.0,0.03513,1545.72,807.99,69454.0,1.2678571428571428,127.27272727272727,0.04727272727272727,10240.5,60760.299999999996,2025-05,161.36363636363637,46454.28,0.021770704225352114
2023-01-01,Affiliate,60000.0,500.0,120.0,12000.0,285.0,95.0,290.0,210.0,2700.0,2400.0,12000.0,600000.0,3000.0,24000.0,14500.0,0.04898,1175.52,700.21,58824.0,5.0,42.10526315789474,0.18518518518518517,25200.0,34800.0,2023-01,210.52631578947367,44324.48,0.019592
2023-01-01,Direct,180000.0,1400.0,128.57,0.0,750.0,1125.0,760.0,640.0,13000.0,11000.0,0.0,0.0,0.0,24000.0,14500.0,0.14693,3526.32,2120.48,176474.0,,0.0,0.1076923076923077,82284.79999999999,97713.2,2023-01,240.0,161973.68,0.019590666666666666
2023-01-01,Email,260000.0,2300.0,113.04,4800.0,950.0,3800.0,960.0,1340.0,22000.0,17000.0,4800.0,240000.0,24000.0,24000.0,14500.0,0.21224,5093.76,3077.48,254906.0,54.166666666666664,5.052631578947368,0.10454545454545454,151473.6,108518.40000000001,2023-01,273.6842105263158,240406.24,0.019591384615384615
2023-01-01,Organic Social,110000.0,1000.0,110.0,2400.0,380.0,1520.0,385.0,615.0,9000.0,7000.0,2400.0,120000.0,6000.0,24000.0,14500.0,0.0898,2155.2,1292.1,107845.0,45.833333333333336,6.315789473684211,0.1111111111111111,67650.0,42350.0,2023-01,289.4736842105263,93344.8,0.019592727272727272
2023-01-01,Paid Search,420000.0,3200.0,131.25,84000.0,1900.0,760.0,1920.0,1280.0,30000.0,26000.0,84000.0,1680000.0,33600.0,24000.0,14500.0,0.34286,8228.64,4971.48,411771.0,5.0,44.21052631578947,0.10666666666666667,168000.0,252000.0,2023-01,221.05263157894737,397271.36,0.019592
2023-01-01,Paid Social,200000.0,1600.0,125.0,55000.0,1028.0,412.0,1040.0,560.0,23000.0,19000.0,55000.0,1500000.0,30000.0,24000.0,14500.0,0.16327,3918.48,2367.41,196081.0,3.6363636363636362,53.50194552529183,0.06956521739130435,70000.0,130000.0,2023-01,194.55252918287937,181581.52,0.0195924
2023-02-01,Affiliate,62000.0,520.0,119.23,12400.0,294.0,98.0,300.0,220.0,2800.0,2500.0,12400.0,620000.0,3100.0,25000.0,15000.0,0.04928,1232.0,739.2,60768.0,5.0,42.17687074829932,0.18571428571428572,26230.600000000002,35769.0,2023-02,210.8843537414966,45768.0,0.019870967741935485
2023-02-01,Direct,185000.0,1450.0,127.59,0.0,770.0,1155.0,780.0,670.0,13500.0,11500.0,0.0,0.0,0.0,25000.0,15000.0,0.14706,3676.5,2205.9,181324.0,,0.0,0.10740740740740741,85485.3,99520.2,2023-02,240.25974025974025,166323.5,0.019872972972972972
2023-02-01,Email,270000.0,2400.0,112.5,5000.0,970.0,3880.0,980.0,1420.0,22500.0,17500.0,5000.0,250000.0,25000.0,25000.0,15000.0,0.21462,5365.5,3219.3,264635.0,54.0,5.154639175257732,0.10666666666666667,159750.0,110250.0,2023-02,278.35051546391753,249634.5,0.01987222222222222
2023-02-01,Organic Social,115000.0,1050.0,109.52,2500.0,390.0,1560.0,395.0,655.0,9500.0,7500.0,2500.0,125000.0,6250.0,25000.0,15000.0,0.09141,2285.25,1371.15,112715.0,46.0,6.410256410256411,0.11052631578947368,71735.59999999999,43260.4,2023-02,294.87179487179486,97714.75,0.019871739130434784
2023-02-01,Paid Search,435000.0,3300.0,131.82,87000.0,1950.0,780.0,1970.0,1330.0,31000.0,27000.0,87000.0,1740000.0,34800.0,25000.0,15000.0,0.34579,8644.75,5186.85,426355.0,5.0,44.61538461538461,0.1064516129032258,175320.59999999998,259685.4,2023-02,223.07692307692307,411355.25,0.019872988505747126
2023-02-01,Paid Social,210000.0,1650.0,127.27,58000.0,1057.0,423.0,1070.0,580.0,24000.0,20000.0,58000.0,1550000.0,31000.0,25000.0,15000.0,0.16693,4173.25,2503.95,205827.0,3.6206896551724137,54.87228003784295,0.06875,73816.59999999999,136178.9,2023-02,198.67549668874173,190826.75,0.01987261904761905
2023-03-01,Affiliate,64000.0,540.0,118.52,12800.0,303.0,101.0,310.0,230.0,2900.0,2600.0,12800.0,640000.0,3200.0,26000.0,15500.0,0.04946,1285.96,766.62,62714.0,5.0,42.244224422442244,0.18620689655172415,27259.6,36741.2,2023-03,211.22112211221122,47214.04,0.020093125
2023-03-01,Direct,190000.0,1500.0,126.67,0.0,790.0,1185.0,800.0,700.0,14000.0,12000.0,0.0,0.0,0.0,26000.0,15500.0,0.14687,3818.62,2276.48,186181.0,,0.0,0.10714285714285714,88669.0,101336.0,2023-03,240.50632911392404,170681.38,0.020097999999999998
2023-03-01,Email,280000.0,2500.0,112.0,5200.0,990.0,3960.0,1000.0,1500.0,23000.0,18000.0,5200.0,260000.0,26000.0,26000.0,15500.0,0.21646,5627.96,3355.13,274372.0,53.84615384615385,5.252525252525253,0.10869565217391304,168000.0,112000.0,2023-03,282.82828282828285,258872.03999999998,0.02009985714285714
2023-03-01,Organic Social,120000.0,1100.0,109.09,2600.0,400.0,1600.0,405.0,695.0,10000.0,8000.0,2600.0,130000.0,6500.0,26000.0,15500.0,0.09274,2411.24,1437.47,117589.0,46.15384615384615,6.5,0.11,75817.55,44181.450000000004,2023-03,300.0,102088.76,0.020093666666666666
2023-03-01,Paid Search,450000.0,3400.0,132.35,90000.0,2000.0,800.0,2020.0,1380.0,32000.0,28000.0,90000.0,1800000.0,36000.0,26000.0,15500.0,0.34795,9046.7,5393.23,440953.0,5.0,45.0,0.10625,182643.0,267347.0,2023-03,225.0,425453.3,0.02010377777777778
2023-03-01,Paid Social,220000.0,1700.0,129.41,60000.0,1086.0,434.0,1100.0,600.0,25000.0,21000.0,60000.0,1600000.0,32000.0,26000.0,15500.0,0.16999,4419.74,2634.85,215580.0,3.6666666666666665,55.248618784530386,0.068,77646.0,142351.0,2023-03,202.57826887661142,200080.26,0.020089727272727273
2023-04-01,Affiliate,66000.0,560.0,117.86,13200.0,312.0,104.0,320.0,240.0,3000.0,2700.0,13200.0,660000.0,3300.0,27000.0,16000.0,0.04966,1340.82,794.56,64659.0,5.0,42.30769230769231,0.18666666666666668,28286.4,37715.2,2023-04,211.53846153846155,48659.18,0.020315454545454543
2023-04-01,Direct,195000.0,1550.0,125.81,0.0,810.0,1215.0,820.0,730.0,14500.0,12500.0,0.0,0.0,0.0,27000.0,16000.0,0.14671,3961.17,2347.36,191039.0,,0.0,0.10689655172413794,91841.3,103164.2,2023-04,240.74074074074073,175038.83,0.020313692307692307
2023-04-01,Email,290000.0,2600.0,111.54,5400.0,1010.0,4040.0,1020.0,1580.0,23500.0,18500.0,5400.0,270000.0,27000.0,27000.0,16000.0,0.21818,5890.86,3490.88,284109.0,53.7037037037037,5.346534653465347,0.11063829787234042,176233.2,113770.8,2023-04,287.1287128712871,268109.14,0.020313310344827584
2023-04-01,Organic Social,125000.0,1150.0,108.7,2700.0,410.0,1640.0,415.0,735.0,10500.0,8500.0,2700.0,135000.0,6750.0,27000.0,16000.0,0.09406,2539.62,1504.96,122460.0,46.2962962962963,6.585365853658536,0.10952380952380952,79894.5,45110.5,2023-04,304.8780487804878,106460.38,0.02031696
2023-04-01,Paid Search,465000.0,3500.0,132.86,93000.0,2050.0,820.0,2070.0,1430.0,33000.0,29000.0,93000.0,1860000.0,37200.0,27000.0,16000.0,0.35,9450.0,5600.0,455550.0,5.0,45.36585365853659,0.10606060606060606,189989.80000000002,275020.2,2023-04,226.82926829268294,439550.0,0.02032258064516129
2023-04-01,Paid Social,230000.0,1750.0,131.43,62000.0,1114.0,446.0,1130.0,620.0,26000.0,22000.0,62000.0,1650000.0,33000.0,27000.0,16000.0,0.17306,4672.62,2768.96,225327.0,3.7096774193548385,55.65529622980252,0.0673076923076923,81486.6,148515.9,2023-04,206.46319569120288,209327.38,0.020315739130434784
2023-05-01,Affiliate,68000.0,580.0,117.24,13600.0,321.0,107.0,330.0,250.0,3100.0,2800.0,13600.0,680000.0,3400.0,28000.0,16500.0,0.04985,1395.8,822.53,66604.0,5.0,42.36760124610592,0.1870967741935484,29310.0,38689.2,2023-05,211.8380062305296,50104.2,0.020526470588235292
2023-05-01,Direct,200000.0,1600.0,125.0,0.0,830.0,1245.0,840.0,760.0,15000.0,13000.0,0.0,0.0,0.0,28000.0,16500.0,0.14666,4106.48,2419.89,195893.0,,0.0,0.10666666666666667,95000.0,105000.0,2023-05,240.96385542168676,179393.52,0.0205324
2023-05-01,Email,300000.0,2700.0,111.11,5600.0,1030.0,4120.0,1040.0,1660.0,24000.0,19000.0,5600.0,280000.0,28000.0,28000.0,16500.0,0.21994,6158.32,3628.01,293842.0,53.57142857142857,5.436893203883495,0.1125,184442.6,115554.4,2023-05,291.2621359223301,277341.68,0.020527733333333333
2023-05-01,Organic Social,130000.0,1200.0,108.33,2800.0,420.0,1680.0,425.0,775.0,11000.0,9000.0,2800.0,140000.0,7000.0,28000.0,16500.0,0.09531,2668.68,1572.61,127331.0,46.42857142857143,6.666666666666667,0.10909090909090909,83955.75,46040.25,2023-05,309.5238095238095,110831.32,0.02052830769230769
2023-05-01,Paid Search,480000.0,3600.0,133.33,96000.0,2100.0,840.0,2120.0,1480.0,34000.0,30000.0,96000.0,1920000.0,38400.0,28000.0,16500.0,0.35198,9855.44,5807.67,470145.0,5.0,45.714285714285715,0.10588235294117647,197328.40000000002,282659.60000000003,2023-05,228.57142857142858,453644.56,0.020532166666666667
2023-05-01,Paid Social,240000.0,1800.0,133.33,64000.0,1143.0,457.0,1160.0,640.0,27000.0,23000.0,64000.0,1700000.0,34000.0,28000.0,16500.0,0.17596,4926.88,2903.34,235073.0,3.75,55.99300087489064,0.06666666666666667,85331.20000000001,154662.80000000002,2023-05,209.9737532808399,218573.12,0.020528666666666667
2023-06-01,Affiliate,70000.0,600.0,116.67,14000.0,330.0,110.0,340.0,260.0,3200.0,2900.0,14000.0,700000.0,3500.0,29000.0,17000.0,0.04968,1440.72,844.56,68559.0,5.0,42.42424242424242,0.1875,30334.2,39667.8,2023-06,212.12121212121212,51559.28,0.020581714285714287
2023-06-01,Direct,205000.0,1650.0,124.24,0.0,850.0,1275.0,860.0,790.0,15500.0,13500.0,0.0,0.0,0.0,29000.0,17000.0,0.1455,4219.5,2473.5,200781.0,,0.0,0.1064516129032258,98149.59999999999,106846.4,2023-06,241.1764705882353,183780.5,0.020582926829268294
2023-06-01,Email,310000.0,2800.0,110.71,5800.0,1050.0,4200.0,1060.0,1740.0,24500.0,19500.0,5800.0,290000.0,29000.0,29000.0,17000.0,0.21987,6376.23,3737.79,303624.0,53.44827586206897,5.523809523809524,0.11428571428571428,192635.4,117352.59999999999,2023-06,295.23809523809524,286623.77,0.02056848387096774
2023-06-01,Organic Social,135000.0,1250.0,108.0,2900.0,430.0,1720.0,435.0,815.0,11500.0,9500.0,2900.0,145000.0,7250.0,29000.0,17000.0,0.09574,2776.46,1627.58,132224.0,46.55172413793103,6.744186046511628,0.10869565217391304,88020.0,46980.0,2023-06,313.95348837209303,115223.54000000001,0.02056637037037037
2023-06-01,Paid Search,495000.0,3700.0,133.78,99000.0,2150.0,860.0,2170.0,1530.0,35000.0,31000.0,99000.0,1980000.0,39600.0,29000.0,17000.0,0.35096,10177.84,5966.32,484822.0,5.0,46.04651162790697,0.10571428571428572,204683.4,290302.6,2023-06,230.2325581395349,467822.16,0.02056129292929293
2023-06-01,Paid Social,250000.0,1850.0,135.14,66000.0,1171.0,469.0,1190.0,660.0,28000.0,24000.0,66000.0,1750000.0,35000.0,29000.0,17000.0,0.17726,5140.54,3013.42,244859.0,3.787878787878788,56.36208368915457,0.06607142857142857,89192.4,160816.59999999998,2023-06,213.4927412467976,227859.46,0.02056216
2023-07-01,Affiliate,72000.0,620.0,116.13,14400.0,339.0,113.0,350.0,270.0,3300.0,3000.0,14400.0,720000.0,3600.0,30000.0,17500.0,0.04969,1490.7,869.58,70509.0,5.0,42.47787610619469,0.18787878787878787,31355.1,40645.5,2023-07,212.38938053097345,53009.3,0.020704166666666666
2023-07-01,Direct,210000.0,1700.0,123.53,0.0,870.0,1305.0,880.0,820.0,16000.0,14000.0,0.0,0.0,0.0,30000.0,17500.0,0.14493,4347.9,2536.28,205652.0,,0.0,0.10625,101294.6,108706.4,2023-07,241.3793103448276,188152.1,0.020704285714285713
2023-07-01,Email,320000.0,2900.0,110.34,6000.0,1070.0,4280.0,1080.0,1820.0,25000.0,20000.0,6000.0,300000.0,30000.0,30000.0,17500.0,0.22084,6625.2,3864.7,313375.0,53.333333333333336,5.607476635514018,0.116,200818.80000000002,119167.2,2023-07,299.06542056074767,295874.8,0.02070375
2023-07-01,Organic Social,140000.0,1300.0,107.69,3000.0,440.0,1760.0,445.0,855.0,12000.0,10000.0,3000.0,150000.0,7500.0,30000.0,17500.0,0.09662,2898.6,1690.85,137101.0,46.666666666666664,6.818181818181818,0.10833333333333334,92074.95,47922.049999999996,2023-07,318.1818181818182,119601.4,0.020704285714285713
2023-07-01,Paid Search,510000.0,3800.0,134.21,102000.0,2200.0,880.0,2220.0,1580.0,36000.0,32000.0,102000.0,2040000.0,40800.0,30000.0,17500.0,0.35197,10559.1,6159.48,499441.0,5.0,46.36363636363637,0.10555555555555556,212051.80000000002,297946.2,2023-07,231.8181818181818,481940.9,0.020704117647058824
2023-07-01,Paid Social,260000.0,1900.0,136.84,68000.0,1200.0,480.0,1220.0,680.0,29000.0,25000.0,68000.0,1800000.0,36000.0,30000.0,17500.0,0.17945,5383.5,3140.38,254617.0,3.823529411764706,56.666666666666664,0.06551724137931035,93051.2,166944.80000000002,2023-07,216.66666666666666,237116.5,0.020705769230769232
2023-08-01,Affiliate,74000.0,640.0,115.63,14800.0,348.0,116.0,360.0,280.0,3400.0,3100.0,14800.0,740000.0,3700.0,31000.0,18000.0,0.0497,1540.7,894.6,72459.0,5.0,42.52873563218391,0.18823529411764706,32376.399999999998,41626.799999999996,2023-08,212.64367816091954,54459.3,0.02082027027027027
2023-08-01,Direct,215000.0,1750.0,122.86,0.0,890.0,1335.0,900.0,850.0,16500.0,14500.0,0.0,0.0,0.0,31000.0,18000.0,0.14636,4537.16,2634.48,210463.0,,0.0,0.10606060606060606,104431.0,110574.0,2023-08,241.57303370786516,192462.84,0.02110306976744186
2023-08-01,Email,330000.0,3000.0,110.0,6200.0,1090.0,4360.0,1100.0,1900.0,25500.0,20500.0,6200.0,310000.0,31000.0,31000.0,18000.0,0.22464,6963.84,4043.52,323036.0,53.225806451612904,5.6880733944954125,0.11764705882352941,209000.0,121000.0,2023-08,302.7522935779817,305036.16,0.021102545454545454
2023-08-01,Organic Social,145000.0,1350.0,107.41,3100.0,450.0,1800.0,455.0,895.0,12500.0,10500.0,3100.0,155000.0,7750.0,31000.0,18000.0,0.09871,3059.01,1776.78,141941.0,46.774193548387096,6.888888888888889,0.108,96131.95,48871.549999999996,2023-08,322.22222222222223,123940.98999999999,0.021096620689655173
2023-08-01,Paid Search,525000.0,3900.0,134.62,105000.0,2250.0,900.0,2270.0,1630.0,37000.0,33000.0,105000.0,2100000.0,42000.0,31000.0,18000.0,0.35739,11079.09,6433.02,513921.0,5.0,46.666666666666664,0.10540540540540541,219430.6,305587.4,2023-08,233.33333333333334,495920.91,0.02110302857142857
2023-08-01,Paid Social,270000.0,1950.0,138.46,70000.0,1230.0,490.0,1250.0,700.0,30000.0,26000.0,70000.0,1850000.0,37000.0,31000.0,18000.0,0.1838,5700.0,3308.4,264300.0,3.857142857142857,56.91056910569106,0.065,96922.0,173075.0,2023-08,219.5121951219512,246300.0,0.021111111111111112
2023-09-01,Affiliate,76000.0,660.0,115.15,15200.0,357.0,119.0,370.0,290.0,3500.0,3200.0,15200.0,760000.0,3800.0,32000.0,18500.0,0.04977,1592.64,920.73,74407.0,5.0,42.57703081232493,0.18857142857142858,33393.5,42605.5,2023-09,212.88515406162466,55907.36,0.020955789473684212
2023-09-01,Direct,220000.0,1800.0,122.22,0.0,910.0,1365.0,920.0,880.0,17000.0,15000.0,0.0,0.0,0.0,32000.0,18500.0,0.14404,4609.28,2664.74,215391.0,,0.0,0.10588235294117647,107553.6,112442.4,2023-09,241.75824175824175,196890.72,0.020951272727272725
2023-09-01,Email,340000.0,3100.0,109.68,6400.0,1110.0,4440.0,1120.0,1980.0,26000.0,21000.0,6400.0,320000.0,32000.0,32000.0,18500.0,0.22252,7120.64,4116.62,332879.0,53.125,5.7657657657657655,0.11923076923076924,217166.40000000002,122841.6,2023-09,306.3063063063063,314379.36,0.020943058823529412
2023-09-01,Organic Social,150000.0,1400.0,107.14,3200.0,460.0,1840.0,465.0,935.0,13000.0,11000.0,3200.0,160000.0,8000.0,32000.0,18500.0,0.09823,3143.36,1817.27,146857.0,46.875,6.956521739130435,0.1076923076923077,100175.9,49820.1,2023-09,326.0869565217391,128356.64000000001,0.020955733333333334
2023-09-01,Paid Search,540000.0,4000.0,135.0,108000.0,2300.0,920.0,2320.0,1680.0,38000.0,34000.0,108000.0,2160000.0,43200.0,32000.0,18500.0,0.35347,11311.04,6538.69,528689.0,5.0,46.95652173913044,0.10526315789473684,226800.0,313200.0,2023-09,234.7826086956522,510188.95999999996,0.020946370370370372
2023-09-01,Paid Social,280000.0,2000.0,140.0,72000.0,1260.0,500.0,1280.0,720.0,31000.0,27000.0,72000.0,1900000.0,38000.0,32000.0,18500.0,0.18328,5864.96,3390.68,274135.0,3.888888888888889,57.142857142857146,0.06451612903225806,100800.0,179200.0,2023-09,222.22222222222223,255635.03999999998,0.020946285714285716
2023-10-01,Affiliate,78000.0,680.0,114.71,15600.0,366.0,122.0,380.0,300.0,3600.0,3300.0,15600.0,780000.0,3900.0,33000.0,19000.0,0.04981,1643.73,946.39,76356.0,5.0,42.622950819672134,0.18888888888888888,34413.0,43589.799999999996,2023-10,213.11475409836066,57356.270000000004,0.021073461538461537
2023-10-01,Direct,225000.0,1850.0,121.62,0.0,930.0,1395.0,940.0,910.0,17500.0,15500.0,0.0,0.0,0.0,33000.0,19000.0,0.14368,4741.44,2730.0,220259.0,,0.0,0.10571428571428572,110674.2,114322.8,2023-10,241.93548387096774,201258.56,0.021073066666666664
2023-10-01,Email,350000.0,3200.0,109.38,6600.0,1130.0,4520.0,1140.0,2060.0,26500.0,21500.0,6600.0,330000.0,33000.0,33000.0,19000.0,0.22345,7373.85,4245.55,342626.0,53.03030303030303,5.84070796460177,0.12075471698113208,225322.8,124693.2,2023-10,309.7345132743363,323626.15,0.021068142857142858
2023-10-01,Organic Social,155000.0,1450.0,106.9,3300.0,470.0,1880.0,475.0,975.0,13500.0,11500.0,3300.0,165000.0,8250.0,33000.0,19000.0,0.09892,3264.36,1879.48,151736.0,46.96969696969697,7.0212765957446805,0.10740740740740741,104227.5,50777.5,2023-10,329.78723404255317,132735.64,0.021060387096774193
2023-10-01,Paid Search,555000.0,4100.0,135.37,111000.0,2350.0,940.0,2370.0,1730.0,39000.0,35000.0,111000.0,2220000.0,44400.0,33000.0,19000.0,0.35444,11696.52,6734.36,543303.0,5.0,47.234042553191486,0.10512820512820513,234190.1,320826.9,2023-10,236.17021276595744,524303.48,0.02107481081081081
2023-10-01,Paid Social,290000.0,2050.0,141.46,74000.0,1290.0,510.0,1310.0,740.0,32000.0,28000.0,74000.0,1950000.0,39000.0,33000.0,19000.0,0.1852,5911.68,3401.0,284088.0,3.918918918918919,57.36434108527132,0.0640625,104680.40000000001,185312.6,2023-10,224.80620155038758,265088.32,0.020385103448275863
2023-11-01,Affiliate,80000.0,700.0,114.29,16000.0,375.0,125.0,390.0,310.0,3700.0,3400.0,16000.0,800000.0,4000.0,34000.0,19500.0,0.04972,1690.48,969.54,78310.0,5.0,42.666666666666664,0.1891891891891892,35429.9,44573.100000000006,2023-11,213.33333333333334,58809.520000000004,0.021131
2023-11-01,Direct,230000.0,1900.0,121.05,0.0,950.0,1425.0,960.0,940.0,18000.0,16000.0,0.0,0.0,0.0,34000.0,19500.0,0.14298,4861.32,2788.11,225139.0,,0.0,0.10555555555555556,113787.0,116208.0,2023-11,242.10526315789474,205638.68,0.021136173913043475
2023-11-01,Email,360000.0,3300.0,109.09,6800.0,1150.0,4600.0,1160.0,2140.0,27000.0,22000.0,6800.0,340000.0,34000.0,34000.0,19500.0,0.22374,7607.16,4362.93,352393.0,52.94117647058823,5.913043478260869,0.12222222222222222,233452.6,126544.40000000001,2023-11,313.04347826086956,332892.84,0.021131
2023-11-01,Organic Social,160000.0,1500.0,106.67,3400.0,480.0,1920.0,485.0,1015.0,14000.0,12000.0,3400.0,170000.0,8500.0,34000.0,19500.0,0.09944,3380.96,1939.08,156619.0,47.05882352941177,7.083333333333333,0.10714285714285714,108270.05,51734.950000000004,2023-11,333.3333333333333,137119.04,0.021131
2023-11-01,Paid Search,570000.0,4200.0,135.71,114000.0,2400.0,960.0,2420.0,1780.0,40000.0,36000.0,114000.0,2280000.0,45600.0,34000.0,19500.0,0.35426,12044.84,6908.07,557955.0,5.0,47.5,0.105,241563.80000000002,328418.2,2023-11,237.5,538455.16,0.021131298245614036
2023-11-01,Paid Social,300000.0,2100.0,142.86,76000.0,1320.0,520.0,1340.0,760.0,33000.0,29000.0,76000.0,2000000.0,40000.0,34000.0,19500.0,0.18648,6340.32,3636.36,293660.0,3.9473684210526314,57.57575757575758,0.06363636363636363,108573.6,191432.40000000002,2023-11,227.27272727272728,274159.68,0.021134399999999998
2023-12-01,Affiliate,85000.0,720.0,118.06,17000.0,384.0,128.0,400.0,320.0,3800.0,3500.0,17000.0,850000.0,4250.0,35000.0,20000.0,0.04945,1730.75,989.0,83269.0,5.0,44.270833333333336,0.18947368421052632,37779.2,47224.0,2023-12,221.35416666666666,63269.25,0.020361764705882354
2023-12-01,Direct,240000.0,1950.0,123.08,0.0,970.0,1455.0,980.0,970.0,18500.0,16500.0,0.0,0.0,0.0,35000.0,20000.0,0.13962,4886.7,2792.4,235113.0,,0.0,0.10540540540540541,119387.59999999999,120618.4,2023-12,247.42268041237114,215113.3,0.02036125
2023-12-01,Email,380000.0,3400.0,111.76,7000.0,1170.0,4680.0,1180.0,2220.0,27500.0,22500.0,7000.0,350000.0,35000.0,35000.0,20000.0,0.22106,7737.1,4421.2,372263.0,54.285714285714285,5.982905982905983,0.12363636363636364,248107.2,131876.80000000002,2023-12,324.78632478632477,352262.9,0.02036078947368421
2023-12-01,Organic Social,165000.0,1550.0,106.45,3500.0,490.0,1960.0,495.0,1055.0,14500.0,12500.0,3500.0,175000.0,8750.0,35000.0,20000.0,0.09598,3359.3,1919.6,161641.0,47.142857142857146,7.142857142857143,0.10689655172413794,112304.75,52692.75,2023-12,336.734693877551,141640.7,0.02035939393939394
2023-12-01,Paid Search,590000.0,4300.0,137.21,118000.0,2450.0,980.0,2470.0,1830.0,41000.0,37000.0,118000.0,2360000.0,47200.0,35000.0,20000.0,0.34322,12012.7,6864.4,577987.0,5.0,48.16326530612245,0.1048780487804878,251094.30000000002,338908.7,2023-12,240.81632653061226,557987.3,0.020360508474576273
2023-12-01,Paid Social,310000.0,2150.0,144.19,78000.0,1350.0,530.0,1370.0,780.0,34000.0,30000.0,78000.0,2050000.0,41000.0,35000.0,20000.0,0.18034,6311.9,3606.8,303688.0,3.9743589743589745,57.77777777777778,0.06323529411764706,112468.2,197540.3,2023-12,229.62962962962962,283688.1,0.020360967741935482
2022-01-01,Affiliate,58000.0,480.0,120.83,11600.0,276.0,92.0,280.0,200.0,2600.0,2300.0,11600.0,580000.0,2900.0,23000.0,14000.0,0.04895,1125.85,685.3,56874.0,5.0,42.028985507246375,0.18461538461538463,24166.0,33832.4,2022-01,210.14492753623188,42874.15,0.019411206896551722
2022-01-01,Direct,175000.0,1350.0,129.63,0.0,720.0,1080.0,730.0,620.0,12500.0,10500.0,0.0,0.0,0.0,23000.0,14000.0,0.14768,3396.64,2067.52,171603.0,,0.0,0.108,80370.59999999999,94629.9,2022-01,243.05555555555554,157603.36,0.019409371428571427
2022-01-01,Email,250000.0,2200.0,113.64,4600.0,920.0,3680.0,930.0,1270.0,21000.0,16000.0,4600.0,230000.0,23000.0,23000.0,14000.0,0.21105,4854.15,2954.7,245146.0,54.34782608695652,5.0,0.10476190476190476,144322.8,105685.2,2022-01,271.7391304347826,231145.85,0.0194166
2022-01-01,Organic Social,105000.0,950.0,110.53,2300.0,370.0,1480.0,375.0,575.0,8500.0,6500.0,2300.0,115000.0,5750.0,23000.0,14000.0,0.08861,2038.03,1240.54,102962.0,45.65217391304348,6.216216216216216,0.11176470588235295,63554.75,41448.75,2022-01,283.7837837837838,88961.97,0.019409809523809524
2022-01-01,Paid Search,400000.0,3000.0,133.33,80000.0,1800.0,720.0,1820.0,1180.0,28000.0,24000.0,80000.0,1600000.0,32000.0,23000.0,14000.0,0.33754,7763.42,4725.56,392237.0,5.0,44.44444444444444,0.10714285714285714,157329.40000000002,242660.60000000003,2022-01,222.22222222222223,378236.58,0.01940855
2022-01-01,Paid Social,195000.0,1500.0,130.0,52000.0,989.0,396.0,1000.0,500.0,22000.0,18000.0,52000.0,1450000.0,29000.0,23000.0,14000.0,0.16458,3785.34,2304.12,191215.0,3.75,52.578361981799794,0.06818181818181818,65000.0,130000.0,2022-01,197.16885743174925,177214.66,0.019412000000000002
2022-02-01,Affiliate,59000.0,490.0,120.41,11800.0,282.0,94.0,290.0,200.0,2650.0,2350.0,11800.0,590000.0,2950.0,23500.0,14250.0,0.04892,1149.62,697.11,57850.0,5.0,41.843971631205676,0.18490566037735848,24082.0,34918.9,2022-02,209.21985815602838,43600.38,0.019485084745762712
2022-02-01,Direct,178000.0,1380.0,128.99,0.0,735.0,1102.0,745.0,635.0,12800.0,10800.0,0.0,0.0,0.0,23500.0,14250.0,0.1476,3468.6,2103.3,174531.0,,0.0,0.1078125,81908.65000000001,96097.55,2022-02,242.1768707482993,160281.4,0.019486516853932583
2022-02-01,Email,255000.0,2250.0,113.33,4700.0,935.0,3740.0,945.0,1305.0,21500.0,16500.0,4700.0,235000.0,23500.0,23500.0,14250.0,0.21144,4968.84,3013.02,250031.0,54.255319148936174,5.026737967914438,0.10465116279069768,147895.65,107096.84999999999,2022-02,272.72727272727275,235781.16,0.01948564705882353
2022-02-01,Organic Social,107000.0,970.0,110.31,2350.0,378.0,1512.0,385.0,585.0,8700.0,6700.0,2350.0,117000.0,5850.0,23500.0,14250.0,0.08872,2085.02,1264.26,104915.0,45.53191489361702,6.216931216931217,0.11149425287356322,64531.35,42469.35,2022-02,283.0687830687831,90664.98,0.019486168224299064
2022-02-01,Paid Search,408000.0,3060.0,133.33,81600.0,1836.0,734.0,1850.0,1210.0,28600.0,24600.0,81600.0,1632000.0,32640.0,23500.0,14250.0,0.33832,7940.52,4820.82,400059.0,5.0,44.44444444444444,0.106993006993007,161329.30000000002,246660.50000000003,2022-02,222.22222222222223,385809.48,0.019462058823529412
2022-02-01,Paid Social,198000.0,1530.0,129.41,53000.0,1000.0,400.0,1010.0,520.0,22500.0,18500.0,53000.0,1480000.0,29600.0,23500.0,14250.0,0.16419,3858.47,2339.21,194142.0,3.7358490566037736,53.0,0.068,67293.2,130704.09999999999,2022-02,198.0,179891.53,0.019487222222222222
2022-03-01,Affiliate,60000.0,500.0,120.0,12000.0,288.0,96.0,295.0,205.0,2700.0,2400.0,12000.0,600000.0,3000.0,24000.0,14500.0,0.04898,1175.52,709.79,58824.0,5.0,41.666666666666664,0.18518518518518517,24600.0,35400.0,2022-03,208.33333333333334,44324.48,0.019592
2022-03-01,Direct,181000.0,1410.0,128.37,0.0,750.0,1125.0,760.0,650.0,13100.0,11100.0,0.0,0.0,0.0,24000.0,14500.0,0.14771,3545.04,2141.8,177455.0,,0.0,0.10763358778625955,83440.5,97561.2,2022-03,241.33333333333334,162954.96,0.01958585635359116
2022-03-01,Email,260000.0,2300.0,113.04,4800.0,950.0,3800.0,960.0,1340.0,22000.0,17000.0,4800.0,240000.0,24000.0,24000.0,14500.0,0.21224,5093.76,3077.48,254906.0,54.166666666666664,5.052631578947368,0.10454545454545454,151473.6,108518.40000000001,2022-03,273.6842105263158,240406.24,0.019591384615384615
2022-03-01,Organic Social,109000.0,990.0,110.1,2400.0,387.0,1548.0,395.0,595.0,8900.0,6900.0,2400.0,119000.0,5950.0,24000.0,14500.0,0.08897,2135.28,1289.07,106865.0,45.416666666666664,6.2015503875969,0.11123595505617978,65509.5,43489.5,2022-03,281.65374677002586,92364.72,0.019589724770642202
2022-03-01,Paid Search,416000.0,3120.0,133.33,83200.0,1872.0,749.0,1890.0,1230.0,29200.0,25200.0,83200.0,1664000.0,33280.0,24000.0,14500.0,0.33956,8149.44,4923.62,407851.0,5.0,44.44444444444444,0.10684931506849316,163995.90000000002,251993.7,2022-03,222.22222222222223,393350.56,0.01959
2022-03-01,Paid Social,201000.0,1560.0,128.85,54000.0,1014.0,406.0,1025.0,535.0,23000.0,19000.0,54000.0,1510000.0,30200.0,24000.0,14500.0,0.16409,3938.16,2379.3,197062.0,3.7222222222222223,53.25443786982248,0.06782608695652174,68934.75,132071.25,2022-03,198.22485207100593,182561.84,0.01959283582089552
2022-04-01,Affiliate,61000.0,510.0,119.61,12200.0,294.0,98.0,300.0,210.0,2750.0,2450.0,12200.0,610000.0,3050.0,24500.0,14750.0,0.04904,1201.48,723.34,59799.0,5.0,41.49659863945578,0.18545454545454546,25118.1,35883.0,2022-04,207.48299319727892,45048.52,0.01969639344262295
2022-04-01,Direct,184000.0,1440.0,127.78,0.0,765.0,1147.0,775.0,665.0,13400.0,11400.0,0.0,0.0,0.0,24500.0,14750.0,0.14791,3623.8,2181.67,180376.0,,0.0,0.10746268656716418,84973.7,99029.5,2022-04,240.52287581699346,165626.2,0.019694565217391307
2022-04-01,Email,265000.0,2350.0,112.77,4900.0,965.0,3860.0,975.0,1375.0,22500.0,17500.0,4900.0,245000.0,24500.0,24500.0,14750.0,0.21302,5218.99,3142.05,259781.0,54.08163265306123,5.077720207253886,0.10444444444444445,155058.75,109950.75,2022-04,274.61139896373055,245031.01,0.019694301886792453
2022-04-01,Organic Social,111000.0,1010.0,109.9,2450.0,396.0,1584.0,405.0,605.0,9100.0,7100.0,2450.0,121000.0,6050.0,24500.0,14750.0,0.08923,2186.14,1316.14,108814.0,45.30612244897959,6.186868686868687,0.11098901098901098,66489.5,44509.5,2022-04,280.3030303030303,94063.86,0.019694954954954953
2022-04-01,Paid Search,424000.0,3180.0,133.33,84800.0,1908.0,763.0,1925.0,1255.0,29800.0,25800.0,84800.0,1696000.0,33920.0,24500.0,14750.0,0.34084,8350.58,5027.39,415649.0,5.0,44.44444444444444,0.10671140939597315,167329.15000000002,256660.25000000003,2022-04,222.22222222222223,400899.42,0.019694764150943397
2022-04-01,Paid Social,204000.0,1590.0,128.3,55000.0,1029.0,411.0,1040.0,550.0,23500.0,19500.0,55000.0,1540000.0,30800.0,24500.0,14750.0,0.16396,4017.02,2418.42,199983.0,3.709090909090909,53.44995140913508,0.06765957446808511,70565.0,133432.0,2022-04,198.25072886297377,185232.98,0.019691274509803923
2022-05-01,Affiliate,62000.0,520.0,119.23,12400.0,300.0,100.0,305.0,215.0,2800.0,2500.0,12400.0,620000.0,3100.0,25000.0,15000.0,0.04905,1226.25,735.75,60774.0,5.0,41.333333333333336,0.18571428571428572,25634.45,36365.15,2022-05,206.66666666666666,45773.75,0.019778225806451614
2022-05-01,Direct,187000.0,1470.0,127.21,0.0,780.0,1170.0,790.0,680.0,13700.0,11700.0,0.0,0.0,0.0,25000.0,15000.0,0.14798,3699.5,2219.7,183301.0,,0.0,0.1072992700729927,86502.8,100495.9,2022-05,239.74358974358975,168300.5,0.01978342245989305
2022-05-01,Email,270000.0,2400.0,112.5,5000.0,980.0,3920.0,990.0,1410.0,23000.0,18000.0,5000.0,250000.0,25000.0,25000.0,15000.0,0.21364,5341.0,3204.6,264659.0,54.0,5.1020408163265305,0.10434782608695652,158625.0,111375.0,2022-05,275.51020408163265,249659.0,0.01978148148148148
2022-05-01,Organic Social,113000.0,1030.0,109.71,2500.0,405.0,1620.0,415.0,615.0,9300.0,7300.0,2500.0,123000.0,6150.0,25000.0,15000.0,0.0894,2235.0,1341.0,110765.0,45.2,6.172839506172839,0.110752688172043,67471.65,45529.649999999994,2022-05,279.01234567901236,95765.0,0.0197787610619469
2022-05-01,Paid Search,432000.0,3240.0,133.33,86400.0,1944.0,778.0,1960.0,1280.0,30400.0,26400.0,86400.0,1728000.0,34560.0,25000.0,15000.0,0.34173,8543.25,5125.95,423457.0,5.0,44.44444444444444,0.10657894736842105,170662.40000000002,261326.80000000002,2022-05,222.22222222222223,408456.75,0.019776041666666667
2022-05-01,Paid Social,207000.0,1620.0,127.78,56000.0,1044.0,417.0,1055.0,565.0,24000.0,20000.0,56000.0,1570000.0,31400.0,25000.0,15000.0,0.16371,4092.75,2455.65,202907.0,3.6964285714285716,53.63984674329502,0.0675,72195.7,134807.9,2022-05,198.27586206896552,187907.25,0.01977173913043478
2022-06-01,Affiliate,63000.0,530.0,118.87,12600.0,306.0,102.0,310.0,220.0,2850.0,2550.0,12600.0,630000.0,3150.0,25500.0,15250.0,0.04899,1249.25,747.1,61751.0,5.0,41.1764705882353,0.18596491228070175,26151.4,36849.700000000004,2022-06,205.88235294117646,46500.75,0.01982936507936508
2022-06-01,Direct,190000.0,1500.0,126.67,0.0,795.0,1192.0,805.0,695.0,14000.0,12000.0,0.0,0.0,0.0,25500.0,15250.0,0.14775,3767.63,2253.19,186232.0,,0.0,0.10714285714285714,88035.65,101969.35,2022-06,238.9937106918239,170982.37,0.01982963157894737
2022-06-01,Email,275000.0,2450.0,112.24,5100.0,995.0,3980.0,1005.0,1445.0,23500.0,18500.0,5100.0,255000.0,25500.0,25500.0,15250.0,0.21384,5452.92,3260.77,269547.0,53.92156862745098,5.125628140703518,0.10425531914893617,162186.8,112801.2,2022-06,276.3819095477387,254297.08000000002,0.0198288
2022-06-01,Organic Social,115000.0,1050.0,109.52,2550.0,414.0,1656.0,425.0,625.0,9500.0,7500.0,2550.0,125000.0,6250.0,25500.0,15250.0,0.08943,2280.46,1363.82,112719.0,45.09803921568628,6.159420289855072,0.11052631578947368,68450.0,46546.0,2022-06,277.77777777777777,97469.54,0.01983008695652174
2022-06-01,Paid Search,440000.0,3300.0,133.33,88000.0,1980.0,792.0,2000.0,1300.0,31000.0,27000.0,88000.0,1760000.0,35200.0,25500.0,15250.0,0.34215,8724.83,5217.58,431275.0,5.0,44.44444444444444,0.1064516129032258,173329.00000000003,266660.0,2022-06,222.22222222222223,416025.17,0.01982915909090909
2022-06-01,Paid Social,210000.0,1650.0,127.27,57000.0,1059.0,423.0,1070.0,580.0,24500.0,20500.0,57000.0,1600000.0,32000.0,25500.0,15250.0,0.16328,4163.64,2490.54,205836.0,3.6842105263157894,53.82436260623229,0.0673469387755102,73816.59999999999,136178.9,2022-06,198.30028328611897,190586.36,0.019826857142857146
2022-07-01,Affiliate,64000.0,540.0,118.52,12800.0,312.0,104.0,315.0,225.0,2900.0,2600.0,12800.0,640000.0,3200.0,26000.0,15500.0,0.04893,1272.18,758.42,62728.0,5.0,41.02564102564103,0.18620689655172415,26667.0,37333.799999999996,2022-07,205.12820512820514,47227.82,0.0198778125
2022-07-01,Direct,193000.0,1530.0,126.14,0.0,810.0,1215.0,820.0,710.0,14300.0,12300.0,0.0,0.0,0.0,26000.0,15500.0,0.14759,3837.34,2287.65,189163.0,,0.0,0.106993006993007,89559.4,103434.8,2022-07,238.2716049382716,173662.66,0.019882590673575132
2022-07-01,Email,280000.0,2500.0,112.0,5200.0,1010.0,4040.0,1020.0,1480.0,24000.0,19000.0,5200.0,260000.0,26000.0,26000.0,15500.0,0.21415,5567.9,3319.33,274432.0,53.84615384615385,5.148514851485149,0.10416666666666667,165760.0,114240.0,2022-07,277.2277227722772,258932.09999999998,0.019885357142857142
2022-07-01,Organic Social,117000.0,1070.0,109.35,2600.0,423.0,1692.0,435.0,635.0,9700.0,7700.0,2600.0,127000.0,6350.0,26000.0,15500.0,0.08945,2325.7,1386.48,114674.0,45.0,6.1465721040189125,0.11030927835051546,69437.25,47567.25,2022-07,276.59574468085106,99174.3,0.019877777777777775
2022-07-01,Paid Search,448000.0,3360.0,133.33,89600.0,2016.0,806.0,2035.0,1325.0,31600.0,27600.0,89600.0,1792000.0,35840.0,26000.0,15500.0,0.3427,8900.2,5311.85,439090.0,5.0,44.44444444444444,0.10632911392405063,176662.25000000003,271326.55000000005,2022-07,222.22222222222223,423599.8,0.01986651785714286
2022-07-01,Paid Social,213000.0,1680.0,126.79,58000.0,1074.0,429.0,1085.0,595.0,25000.0,21000.0,58000.0,1630000.0,32600.0,26000.0,15500.0,0.16288,4234.88,2524.64,208765.0,3.6724137931034484,54.00372439478585,0.0672,75440.05,137567.15,2022-07,198.3240223463687,193265.12,0.01988206572769953
2022-08-01,Affiliate,65000.0,550.0,118.18,13000.0,318.0,106.0,320.0,230.0,2950.0,2650.0,13000.0,650000.0,3250.0,26500.0,15750.0,0.04877,1292.42,768.17,63708.0,5.0,40.880503144654085,0.1864406779661017,27181.4,37817.600000000006,2022-08,204.40251572327045,47957.58,0.019883384615384615
2022-08-01,Direct,196000.0,1560.0,125.64,0.0,825.0,1237.0,835.0,725.0,14600.0,12600.0,0.0,0.0,0.0,26500.0,15750.0,0.14704,3901.56,2315.89,192098.0,,0.0,0.10684931506849316,91089.0,104909.4,2022-08,237.57575757575756,176348.44,0.01990591836734694
2022-08-01,Email,285000.0,2550.0,111.76,5300.0,1025.0,4100.0,1035.0,1515.0,24500.0,19500.0,5300.0,265000.0,26500.0,26500.0,15750.0,0.2138,5665.7,3367.35,279334.0,53.77358490566038,5.170731707317073,0.10408163265306122,169316.4,115671.6,2022-08,278.0487804878049,263584.3,0.019879649122807017
2022-08-01,Organic Social,119000.0,1090.0,109.17,2650.0,432.0,1728.0,445.0,645.0,9900.0,7900.0,2650.0,129000.0,6450.0,26500.0,15750.0,0.08927,2365.66,1406.01,116634.0,44.905660377358494,6.1342592592592595,0.1101010101010101,70414.65,48580.65,2022-08,275.462962962963,100884.34,0.019879495798319328
2022-08-01,Paid Search,456000.0,3420.0,133.33,91200.0,2052.0,821.0,2070.0,1350.0,32200.0,28200.0,91200.0,1824000.0,36480.0,26500.0,15750.0,0.34212,9066.18,5389.38,446934.0,5.0,44.44444444444444,0.1062111801242236,179995.50000000003,275993.10000000003,2022-08,222.22222222222223,431183.82,0.019881973684210526
2022-08-01,Paid Social,216000.0,1710.0,126.32,59000.0,1089.0,435.0,1100.0,610.0,25500.0,21500.0,59000.0,1660000.0,33200.0,26500.0,15750.0,0.16204,4294.06,2552.13,211706.0,3.6610169491525424,54.178145087236,0.06705882352941177,77055.2,138952.0,2022-08,198.34710743801654,195955.94,0.01987990740740741
2022-09-01,Affiliate,66000.0,560.0,117.86,13200.0,324.0,108.0,325.0,235.0,3000.0,2700.0,13200.0,660000.0,3300.0,27000.0,16000.0,0.04857,1311.39,777.12,64689.0,5.0,40.74074074074074,0.18666666666666668,27697.1,38304.5,2022-09,203.7037037037037,48688.61,0.019869545454545456
2022-09-01,Direct,199000.0,1590.0,125.16,0.0,840.0,1260.0,850.0,740.0,14900.0,12900.0,0.0,0.0,0.0,27000.0,16000.0,0.14643,3953.61,2342.88,195046.0,,0.0,0.10671140939597315,92618.4,106386.0,2022-09,236.9047619047619,179046.39,0.019867386934673367
2022-09-01,Email,290000.0,2600.0,111.54,5400.0,1040.0,4160.0,1050.0,1550.0,25000.0,20000.0,5400.0,270000.0,27000.0,27000.0,16000.0,0.21339,5761.53,3414.24,284238.0,53.7037037037037,5.1923076923076925,0.104,172887.0,117117.0,2022-09,278.84615384615387,268238.47,0.019867344827586206
2022-09-01,Paid Search,464000.0,3480.0,133.33,92800.0,2088.0,835.0,2105.0,1375.0,32800.0,28800.0,92800.0,1856000.0,37120.0,27000.0,16000.0,0.34141,9218.07,5462.56,454782.0,5.0,44.44444444444444,0.10609756097560975,183328.75000000003,280659.65,2022-09,222.22222222222223,438781.93,0.019866530172413792
2022-09-01,Paid Social,219000.0,1740.0,125.86,60000.0,1104.0,441.0,1115.0,625.0,26000.0,22000.0,60000.0,1690000.0,33800.0,27000.0,16000.0,0.16115,4351.05,2578.4,214649.0,3.65,54.34782608695652,0.06692307692307692,78662.5,140333.9,2022-09,198.3695652173913,198648.95,0.019867808219178083
2022-10-01,Affiliate,67000.0,570.0,117.54,13400.0,330.0,110.0,330.0,240.0,3050.0,2750.0,13400.0,670000.0,3350.0,27500.0,16250.0,0.04859,1336.23,789.71,65664.0,5.0,40.60606060606061,0.18688524590163935,28209.600000000002,38788.200000000004,2022-10,203.03030303030303,49413.770000000004,0.01994373134328358
2022-10-01,Direct,202000.0,1620.0,124.69,0.0,855.0,1282.0,865.0,755.0,15200.0,13200.0,0.0,0.0,0.0,27500.0,16250.0,0.14648,4028.2,2380.06,197972.0,,0.0,0.10657894736842105,94140.95,107856.84999999999,2022-10,236.25730994152048,181721.8,0.01994158415841584
2022-10-01,Email,295000.0,2650.0,111.32,5500.0,1055.0,4220.0,1065.0,1585.0,25500.0,20500.0,5500.0,275000.0,27500.0,27500.0,16250.0,0.21392,5882.8,3476.21,289117.0,53.63636363636363,5.213270142180095,0.10392156862745099,176442.19999999998,118555.79999999999,2022-10,279.62085308056874,272867.2,0.019941694915254236
2022-10-01,Organic Social,123000.0,1120.0,109.82,2700.0,420.0,1680.0,420.0,700.0,10200.0,8200.0,2700.0,132000.0,6600.0,27500.0,16250.0,0.0892,2453.0,1449.5,120547.0,45.55555555555556,6.428571428571429,0.10980392156862745,76874.0,46124.399999999994,2022-10,292.85714285714283,104297.0,0.01994308943089431
2022-10-01,Paid Search,472000.0,3540.0,133.33,94400.0,2124.0,850.0,2140.0,1400.0,33400.0,29400.0,94400.0,1888000.0,37760.0,27500.0,16250.0,0.34227,9412.43,5561.89,462588.0,5.0,44.44444444444444,0.1059880239520958,186662.00000000003,285326.2,2022-10,222.22222222222223,446337.57,0.01994158898305085
2022-10-01,Paid Social,222000.0,1770.0,125.42,61000.0,1119.0,447.0,1130.0,640.0,26500.0,22500.0,61000.0,1720000.0,34400.0,27500.0,16250.0,0.16099,4427.23,2616.09,217573.0,3.639344262295082,54.51295799821269,0.06679245283018868,80268.8,141724.6,2022-10,198.39142091152814,201322.77,0.019942477477477474
2022-11-01,Affiliate,68000.0,580.0,117.24,13600.0,336.0,112.0,335.0,245.0,3100.0,2800.0,13600.0,680000.0,3400.0,28000.0,16500.0,0.04847,1357.16,800.0,66643.0,5.0,40.476190476190474,0.1870967741935484,28723.8,39275.4,2022-11,202.38095238095238,50142.84,0.019958235294117648
2022-11-01,Direct,205000.0,1650.0,124.24,0.0,870.0,1305.0,880.0,770.0,15500.0,13500.0,0.0,0.0,0.0,28000.0,16500.0,0.14615,4092.2,2411.48,200908.0,,0.0,0.1064516129032258,95664.8,109331.2,2022-11,235.632183908046,184407.8,0.019961951219512195
2022-11-01,Email,300000.0,2700.0,111.11,5600.0,1070.0,4280.0,1080.0,1620.0,26000.0,21000.0,5600.0,280000.0,28000.0,28000.0,16500.0,0.21389,5988.92,3529.19,294011.0,53.57142857142857,5.233644859813084,0.10384615384615385,179998.2,119998.8,2022-11,280.3738317757009,277511.08,0.019963066666666668
2022-11-01,Organic Social,125000.0,1150.0,108.7,2750.0,430.0,1720.0,430.0,720.0,10500.0,8500.0,2750.0,135000.0,6750.0,28000.0,16500.0,0.0891,2494.8,1470.15,122505.0,45.45454545454545,6.395348837209302,0.10952380952380952,78264.0,46741.0,2022-11,290.69767441860466,106005.2,0.0199584
2022-11-01,Paid Search,480000.0,3600.0,133.33,96000.0,2160.0,864.0,2180.0,1420.0,34000.0,30000.0,96000.0,1920000.0,38400.0,28000.0,16500.0,0.34219,9581.32,5646.14,470419.0,5.0,44.44444444444444,0.10588235294117647,189328.6,290659.4,2022-11,222.22222222222223,453918.68,0.019961083333333334
2022-11-01,Paid Social,225000.0,1800.0,125.0,62000.0,1134.0,454.0,1145.0,655.0,27000.0,23000.0,62000.0,1750000.0,35000.0,28000.0,16500.0,0.1604,4491.2,2646.6,220509.0,3.629032258064516,54.673721340388006,0.06666666666666667,81875.0,143125.0,2022-11,198.4126984126984,204008.8,0.01996088888888889
2022-12-01,Affiliate,70000.0,600.0,116.67,14000.0,345.0,115.0,345.0,255.0,3200.0,2900.0,14000.0,700000.0,3500.0,29000.0,17000.0,0.04808,1394.32,817.36,68606.0,5.0,40.57971014492754,0.1875,29750.850000000002,40251.15,2022-12,202.8985507246377,51605.67999999999,0.01991885714285714
2022-12-01,Direct,210000.0,1700.0,123.53,0.0,885.0,1327.0,895.0,805.0,16000.0,14000.0,0.0,0.0,0.0,29000.0,17000.0,0.14423,4182.67,2451.91,205817.0,,0.0,0.10625,99441.65,110559.35,2022-12,237.28813559322035,188817.33,0.01991747619047619
2022-12-01,Email,310000.0,2800.0,110.71,5700.0,1085.0,4340.0,1095.0,1705.0,26500.0,21500.0,5700.0,290000.0,29000.0,29000.0,17000.0,0.21291,6174.39,3619.47,303826.0,54.3859649122807,5.253456221198157,0.10566037735849057,188760.55,121227.45,2022-12,285.7142857142857,286825.61,0.019917387096774194
2022-12-01,Organic Social,130000.0,1200.0,108.33,2800.0,440.0,1760.0,440.0,760.0,11000.0,9000.0,2800.0,140000.0,7000.0,29000.0,17000.0,0.08928,2589.12,1517.76,127411.0,46.42857142857143,6.363636363636363,0.10909090909090909,82330.8,47665.2,2022-12,295.45454545454544,110410.88,0.01991630769230769
2022-12-01,Paid Search,495000.0,3700.0,133.78,99000.0,2200.0,880.0,2220.0,1480.0,35000.0,31000.0,99000.0,1980000.0,39600.0,29000.0,17000.0,0.34,9860.0,5780.0,485140.0,5.0,45.0,0.10571428571428572,197994.4,296991.6,2022-12,225.0,468140.0,0.01991919191919192
2022-12-01,Paid Social,235000.0,1850.0,127.03,64000.0,1149.0,459.0,1160.0,690.0,27500.0,23500.0,64000.0,1800000.0,36000.0,29000.0,17000.0,0.16142,4681.18,2744.14,230319.0,3.671875,55.7006092254134,0.06727272727272728,87650.7,147354.8,2022-12,204.52567449956484,213318.82,0.01991991489361702
2021-01-01,Affiliate,56000.0,460.0,121.74,11200.0,267.0,89.0,270.0,190.0,2500.0,2200.0,11200.0,560000.0,2800.0,22000.0,13500.0,0.04891,1075.02,660.29,54925.0,5.0,41.947565543071164,0.184,23130.6,32869.799999999996,2021-01,209.7378277153558,41424.98,0.019196785714285715
2021-01-01,Direct,170000.0,1300.0,130.77,0.0,690.0,1035.0,700.0,600.0,12000.0,10000.0,0.0,0.0,0.0,22000.0,13500.0,0.14856,3268.32,2005.56,166732.0,,0.0,0.10833333333333334,78462.0,91539.0,2021-01,246.3768115942029,153231.68,0.019225411764705883
2021-01-01,Email,240000.0,2100.0,114.29,4400.0,890.0,3560.0,900.0,1200.0,20000.0,15000.0,4400.0,220000.0,22000.0,22000.0,13500.0,0.20988,4617.36,2833.38,235383.0,54.54545454545455,4.943820224719101,0.105,137148.0,102861.0,2021-01,269.6629213483146,221882.64,0.019239
2021-01-01,Organic Social,100000.0,900.0,111.11,2200.0,360.0,1440.0,365.0,535.0,8000.0,6000.0,2200.0,110000.0,5500.0,22000.0,13500.0,0.08741,1923.02,1180.04,98077.0,45.45454545454545,6.111111111111111,0.1125,59443.85,40555.15,2021-01,277.77777777777777,84576.98,0.0192302
2021-01-01,Paid Search,380000.0,2800.0,135.71,76000.0,1700.0,680.0,1720.0,1080.0,26000.0,22000.0,76000.0,1520000.0,30400.0,22000.0,13500.0,0.33217,7307.74,4484.3,372692.0,5.0,44.705882352941174,0.1076923076923077,146566.80000000002,233421.2,2021-01,223.52941176470588,359192.26,0.019230894736842103
2021-01-01,Paid Social,190000.0,1400.0,135.71,50000.0,950.0,380.0,960.0,440.0,21000.0,17000.0,50000.0,1400000.0,28000.0,22000.0,13500.0,0.16608,3653.76,2242.08,186346.0,3.8,52.63157894736842,0.06666666666666667,59712.4,130281.6,2021-01,200.0,172846.24,0.019230315789473686
2021-02-01,Affiliate,57000.0,470.0,121.28,11400.0,273.0,91.0,280.0,190.0,2550.0,2250.0,11400.0,570000.0,2850.0,22500.0,13750.0,0.04888,1100.0,672.35,55900.0,5.0,41.75824175824176,0.1843137254901961,23043.2,33958.4,2021-02,208.7912087912088,42150.0,0.01929824561403509
2021-02-01,Direct,173000.0,1330.0,130.08,0.0,705.0,1057.0,715.0,615.0,12300.0,10300.0,0.0,0.0,0.0,22500.0,13750.0,0.14833,3337.43,2039.54,169663.0,,0.0,0.108130081300813,79999.20000000001,93007.20000000001,2021-02,245.39007092198582,155912.57,0.01929150289017341
2021-02-01,Email,245000.0,2150.0,113.95,4500.0,905.0,3620.0,915.0,1235.0,20500.0,15500.0,4500.0,225000.0,22500.0,22500.0,13750.0,0.21003,4725.68,2887.91,240274.0,54.44444444444444,4.972375690607735,0.1048780487804878,140728.25,104264.25,2021-02,270.7182320441989,226524.32,0.01928848979591837
2021-02-01,Organic Social,102000.0,920.0,110.87,2250.0,369.0,1476.0,375.0,545.0,8200.0,6200.0,2250.0,112000.0,5600.0,22500.0,13750.0,0.08744,1967.4,1202.3,100033.0,45.333333333333336,6.097560975609756,0.11219512195121951,60424.15,41576.25,2021-02,276.4227642276423,86282.6,0.019288235294117648
2021-02-01,Paid Search,388000.0,2860.0,135.66,77600.0,1736.0,694.0,1750.0,1110.0,26600.0,22600.0,77600.0,1552000.0,31040.0,22500.0,13750.0,0.33276,7487.1,4575.45,380513.0,5.0,44.70046082949309,0.10751879699248121,150582.6,237405.0,2021-02,223.50230414746545,366762.9,0.019296649484536084
2021-02-01,Paid Social,192000.0,1430.0,134.27,51000.0,965.0,386.0,975.0,455.0,21500.0,17500.0,51000.0,1430000.0,28600.0,22500.0,13750.0,0.16457,3702.83,2262.83,188297.0,3.764705882352941,52.84974093264249,0.06651162790697675,61092.850000000006,130913.25000000001,2021-02,198.96373056994818,174547.17,0.019285572916666667
2021-03-01,Affiliate,58000.0,480.0,120.83,11600.0,279.0,93.0,285.0,195.0,2600.0,2300.0,11600.0,580000.0,2900.0,23000.0,14000.0,0.04886,1123.78,684.04,56876.0,5.0,41.577060931899645,0.18461538461538463,23561.85,34436.55,2021-03,207.88530465949822,42876.22,0.01937551724137931
2021-03-01,Direct,176000.0,1360.0,129.41,0.0,720.0,1080.0,730.0,630.0,12600.0,10600.0,0.0,0.0,0.0,23000.0,14000.0,0.14827,3410.21,2075.78,172590.0,,0.0,0.10793650793650794,81528.3,94469.3,2021-03,244.44444444444446,158589.79,0.019376193181818182
2021-03-01,Email,250000.0,2200.0,113.64,4600.0,920.0,3680.0,930.0,1270.0,21000.0,16000.0,4600.0,230000.0,23000.0,23000.0,14000.0,0.21053,4842.19,2947.42,245158.0,54.34782608695652,5.0,0.10476190476190476,144322.8,105685.2,2021-03,271.7391304347826,231157.81,0.01936876
2021-03-01,Organic Social,104000.0,940.0,110.64,2300.0,378.0,1512.0,385.0,555.0,8400.0,6400.0,2300.0,114000.0,5700.0,23000.0,14000.0,0.08762,2015.26,1226.68,101985.0,45.21739130434783,6.084656084656085,0.11190476190476191,61405.2,42596.4,2021-03,275.13227513227514,87984.74,0.0193775
2021-03-01,Paid Search,396000.0,2920.0,135.62,79200.0,1772.0,709.0,1790.0,1130.0,27200.0,23200.0,79200.0,1584000.0,31680.0,23000.0,14000.0,0.33361,7673.03,4670.54,388327.0,5.0,44.69525959367946,0.10735294117647058,153250.6,242759.80000000002,2021-03,223.4762979683973,374326.97,0.019376338383838385
2021-03-01,Paid Social,195000.0,1460.0,133.56,52000.0,980.0,392.0,990.0,470.0,22000.0,18000.0,52000.0,1460000.0,29200.0,23000.0,14000.0,0.16425,3777.75,2299.5,191222.0,3.75,53.06122448979592,0.06636363636363636,62773.200000000004,132224.4,2021-03,198.9795918367347,177222.25,0.019373076923076923
2021-04-01,Affiliate,59000.0,490.0,120.41,11800.0,285.0,95.0,290.0,200.0,2650.0,2350.0,11800.0,590000.0,2950.0,23500.0,14250.0,0.04884,1147.74,696.18,57852.0,5.0,41.40350877192982,0.18490566037735848,24082.0,34918.9,2021-04,207.01754385964912,43602.26,0.01945322033898305
2021-04-01,Direct,179000.0,1390.0,128.78,0.0,735.0,1102.0,745.0,645.0,12900.0,10900.0,0.0,0.0,0.0,23500.0,14250.0,0.14822,3483.17,2112.63,175517.0,,0.0,0.10775193798449613,83063.1,95941.1,2021-04,243.5374149659864,161266.83,0.01945905027932961
2021-04-01,Email,255000.0,2250.0,113.33,4700.0,935.0,3740.0,945.0,1305.0,21500.0,16500.0,4700.0,235000.0,23500.0,23500.0,14250.0,0.21118,4962.73,3009.06,250037.0,54.255319148936174,5.026737967914438,0.10465116279069768,147895.65,107096.84999999999,2021-04,272.72727272727275,235787.27,0.019461686274509803
2021-04-01,Organic Social,106000.0,960.0,110.42,2350.0,387.0,1548.0,395.0,565.0,8600.0,6600.0,2350.0,116000.0,5800.0,23500.0,14250.0,0.08775,2062.13,1249.11,103938.0,45.1063829787234,6.072351421188631,0.11162790697674418,62387.3,43615.9,2021-04,273.90180878552974,89687.87,0.019454056603773588
2021-04-01,Paid Search,404000.0,2980.0,135.57,80800.0,1808.0,723.0,1825.0,1155.0,27800.0,23800.0,80800.0,1616000.0,32320.0,23500.0,14250.0,0.33446,7860.0,4765.8,396140.0,5.0,44.690265486725664,0.10719424460431655,156583.35,247415.25,2021-04,223.4513274336283,381890.0,0.019455445544554455
2021-04-01,Paid Social,198000.0,1490.0,132.89,53000.0,995.0,398.0,1005.0,485.0,22500.0,18500.0,53000.0,1490000.0,29800.0,23500.0,14250.0,0.16393,3852.35,2335.5,194148.0,3.7358490566037736,53.266331658291456,0.06622222222222222,64451.649999999994,133554.44999999998,2021-04,198.99497487437185,179897.65,0.01945631313131313
2021-05-01,Affiliate,60000.0,500.0,120.0,12000.0,291.0,97.0,295.0,205.0,2700.0,2400.0,12000.0,600000.0,3000.0,24000.0,14500.0,0.04882,1171.68,707.89,58828.0,5.0,41.23711340206186,0.18518518518518517,24600.0,35400.0,2021-05,206.18556701030928,44328.32,0.019528
2021-05-01,Direct,182000.0,1420.0,128.17,0.0,750.0,1125.0,760.0,660.0,13200.0,11200.0,0.0,0.0,0.0,24000.0,14500.0,0.14809,3554.16,2147.3,178446.0,,0.0,0.10757575757575757,84592.2,97409.2,2021-05,242.66666666666666,163945.84,0.019528351648351646
2021-05-01,Email,260000.0,2300.0,113.04,4800.0,950.0,3800.0,960.0,1340.0,22000.0,17000.0,4800.0,240000.0,24000.0,24000.0,14500.0,0.21155,5077.2,3067.48,254923.0,54.166666666666664,5.052631578947368,0.10454545454545454,151473.6,108518.40000000001,2021-05,273.6842105263158,240422.8,0.01952769230769231
2021-05-01,Organic Social,108000.0,980.0,110.2,2400.0,396.0,1584.0,405.0,575.0,8800.0,6800.0,2400.0,118000.0,5900.0,24000.0,14500.0,0.08788,2109.12,1274.26,105891.0,45.0,6.0606060606060606,0.11136363636363636,63365.0,44631.0,2021-05,272.72727272727275,91390.88,0.019528888888888887
2021-05-01,Paid Search,412000.0,3040.0,135.53,82400.0,1844.0,738.0,1860.0,1180.0,28400.0,24400.0,82400.0,1648000.0,32960.0,24000.0,14500.0,0.33523,8045.52,4860.83,403954.0,5.0,44.68546637744035,0.10704225352112676,159925.4,252085.8,2021-05,223.42733188720175,389454.48,0.019527961165048544
2021-05-01,Paid Social,201000.0,1520.0,132.24,54000.0,1010.0,404.0,1020.0,500.0,23000.0,19000.0,54000.0,1520000.0,30400.0,24000.0,14500.0,0.16354,3924.96,2371.32,197075.0,3.7222222222222223,53.46534653465346,0.06608695652173913,66120.0,134884.80000000002,2021-05,199.009900990099,182575.04,0.019527164179104477
2021-06-01,Affiliate,61000.0,510.0,119.61,12200.0,297.0,99.0,300.0,210.0,2750.0,2450.0,12200.0,610000.0,3050.0,24500.0,14750.0,0.04876,1194.62,719.21,59805.0,5.0,41.07744107744108,0.18545454545454546,25118.1,35883.0,2021-06,205.3872053872054,45055.38,0.019583934426229507
2021-06-01,Direct,185000.0,1450.0,127.59,0.0,765.0,1147.0,775.0,675.0,13500.0,11500.0,0.0,0.0,0.0,24500.0,14750.0,0.14788,3623.06,2181.23,181377.0,,0.0,0.10740740740740741,86123.25,98882.25,2021-06,241.83006535947712,166626.94,0.01958410810810811
2021-06-01,Email,265000.0,2350.0,112.77,4900.0,965.0,3860.0,975.0,1375.0,22500.0,17500.0,4900.0,245000.0,24500.0,24500.0,14750.0,0.21183,5189.84,3124.51,259810.0,54.08163265306123,5.077720207253886,0.10444444444444445,155058.75,109950.75,2021-06,274.61139896373055,245060.16,0.019584301886792454
2021-06-01,Organic Social,110000.0,1000.0,110.0,2450.0,405.0,1620.0,415.0,585.0,9000.0,7000.0,2450.0,120000.0,6000.0,24500.0,14750.0,0.08793,2154.28,1296.97,107846.0,44.89795918367347,6.049382716049383,0.1111111111111111,64350.0,45650.0,2021-06,271.60493827160496,93095.72,0.01958436363636364
2021-06-01,Paid Search,420000.0,3100.0,135.48,84000.0,1880.0,752.0,1900.0,1200.0,29000.0,25000.0,84000.0,1680000.0,33600.0,24500.0,14750.0,0.33573,8225.38,4952.53,411775.0,5.0,44.680851063829785,0.10689655172413794,162576.0,257411.99999999997,2021-06,223.40425531914894,397024.62,0.019584238095238092
2021-06-01,Paid Social,205000.0,1550.0,132.26,55000.0,1025.0,410.0,1035.0,515.0,23500.0,19500.0,55000.0,1550000.0,31000.0,24500.0,14750.0,0.16387,4014.82,2417.08,200985.0,3.727272727272727,53.65853658536585,0.06595744680851064,68113.9,136889.09999999998,2021-06,200.0,186235.18,0.01958448780487805
2021-07-01,Affiliate,62000.0,520.0,119.23,12400.0,303.0,101.0,305.0,215.0,2800.0,2500.0,12400.0,620000.0,3100.0,25000.0,15000.0,0.0487,1217.5,730.5,60783.0,5.0,40.92409240924093,0.18571428571428572,25634.45,36365.15,2021-07,204.6204620462046,45782.5,0.01963709677419355
2021-07-01,Direct,188000.0,1480.0,127.03,0.0,780.0,1170.0,790.0,690.0,13800.0,11800.0,0.0,0.0,0.0,25000.0,15000.0,0.14768,3692.0,2215.2,184308.0,,0.0,0.1072463768115942,87650.7,100353.7,2021-07,241.02564102564102,169308.0,0.019638297872340425
2021-07-01,Email,270000.0,2400.0,112.5,5000.0,980.0,3920.0,990.0,1410.0,23000.0,18000.0,5000.0,250000.0,25000.0,25000.0,15000.0,0.21209,5302.25,3181.35,264698.0,54.0,5.1020408163265305,0.10434782608695652,158625.0,111375.0,2021-07,275.51020408163265,249697.75,0.01963796296296296
2021-07-01,Organic Social,112000.0,1020.0,109.8,2500.0,414.0,1656.0,425.0,595.0,9200.0,7200.0,2500.0,122000.0,6100.0,25000.0,15000.0,0.08798,2199.5,1319.7,109801.0,44.8,6.038647342995169,0.1108695652173913,65331.0,46665.0,2021-07,270.5314009661836,94800.5,0.019638392857142858
2021-07-01,Paid Search,428000.0,3160.0,135.44,85600.0,1916.0,766.0,1935.0,1225.0,29600.0,25600.0,85600.0,1712000.0,34240.0,25000.0,15000.0,0.33621,8405.25,5043.15,419595.0,5.0,44.676409185803756,0.10675675675675676,165914.0,262076.4,2021-07,223.3820459290188,404594.75,0.019638434579439253
2021-07-01,Paid Social,208000.0,1580.0,131.65,56000.0,1040.0,416.0,1050.0,530.0,24000.0,20000.0,56000.0,1580000.0,31600.0,25000.0,15000.0,0.16336,4084.0,2450.4,203916.0,3.7142857142857144,53.84615384615385,0.06583333333333333,69774.5,138232.5,2021-07,200.0,188916.0,0.019634615384615386
2021-08-01,Affiliate,63000.0,530.0,118.87,12600.0,309.0,103.0,310.0,220.0,2850.0,2550.0,12600.0,630000.0,3150.0,25500.0,15250.0,0.04865,1240.58,745.89,61759.0,5.0,40.77669902912621,0.18596491228070175,26151.4,36849.700000000004,2021-08,203.88349514563106,46509.42,0.01969174603174603
2021-08-01,Direct,191000.0,1510.0,126.49,0.0,795.0,1192.0,805.0,705.0,14100.0,12100.0,0.0,0.0,0.0,25500.0,15250.0,0.14757,3762.04,2250.8,187238.0,,0.0,0.10709219858156029,89175.45,101824.45,2021-08,240.25157232704402,171987.96,0.0196965445026178
2021-08-01,Email,275000.0,2450.0,112.24,5100.0,995.0,3980.0,1005.0,1445.0,23500.0,18500.0,5100.0,255000.0,25500.0,25500.0,15250.0,0.21244,5417.22,3241.27,269583.0,53.92156862745098,5.125628140703518,0.10425531914893617,162186.8,112801.2,2021-08,276.3819095477387,254332.78000000003,0.019698981818181818
2021-08-01,Organic Social,114000.0,1040.0,109.62,2550.0,423.0,1692.0,435.0,605.0,9400.0,7400.0,2550.0,124000.0,6200.0,25500.0,15250.0,0.08806,2245.54,1343.83,111754.0,44.705882352941174,6.028368794326241,0.11063829787234042,66320.1,47684.700000000004,2021-08,269.50354609929076,96504.46,0.019697719298245615
2021-08-01,Paid Search,436000.0,3220.0,135.4,87200.0,1952.0,781.0,1970.0,1250.0,30200.0,26200.0,87200.0,1744000.0,34880.0,25500.0,15250.0,0.33694,8591.97,5140.23,427408.0,5.0,44.67213114754098,0.10662251655629139,169250.0,266738.0,2021-08,223.36065573770492,412158.03,0.01970635321100917
2021-08-01,Paid Social,211000.0,1610.0,131.06,57000.0,1055.0,422.0,1065.0,545.0,24500.0,20500.0,57000.0,1610000.0,32200.0,25500.0,15250.0,0.16301,4156.76,2487.61,206843.0,3.7017543859649122,54.02843601895734,0.06571428571428571,71427.7,139578.9,2021-08,200.0,191593.24,0.019700284360189575
2021-09-01,Affiliate,64000.0,540.0,118.52,12800.0,315.0,105.0,315.0,225.0,2900.0,2600.0,12800.0,640000.0,3200.0,26000.0,15500.0,0.04859,1263.34,755.19,62737.0,5.0,40.63492063492063,0.18620689655172415,26667.0,37333.799999999996,2021-09,203.17460317460316,47236.66,0.0197396875
2021-09-01,Direct,194000.0,1540.0,125.97,0.0,810.0,1215.0,820.0,720.0,14400.0,12400.0,0.0,0.0,0.0,26000.0,15500.0,0.14723,3827.98,2288.07,190172.0,,0.0,0.10694444444444444,90698.4,103295.4,2021-09,239.50617283950618,174672.02,0.019731855670103094
2021-09-01,Email,280000.0,2500.0,112.0,5200.0,1010.0,4040.0,1020.0,1480.0,24000.0,19000.0,5200.0,260000.0,26000.0,26000.0,15500.0,0.21252,5525.52,3299.06,274474.0,53.84615384615385,5.148514851485149,0.10416666666666667,165760.0,114240.0,2021-09,277.2277227722772,258974.47999999998,0.019734
2021-09-01,Organic Social,116000.0,1060.0,109.43,2600.0,432.0,1728.0,445.0,615.0,9600.0,7600.0,2600.0,126000.0,6300.0,26000.0,15500.0,0.08805,2289.3,1368.78,113711.0,44.61538461538461,6.018518518518518,0.11041666666666666,67299.45,48696.350000000006,2021-09,268.51851851851853,98210.7,0.01973534482758621
2021-09-01,Paid Search,444000.0,3280.0,135.37,88800.0,1988.0,795.0,2005.0,1275.0,30800.0,26800.0,88800.0,1776000.0,35520.0,26000.0,15500.0,0.33698,8761.48,5238.19,435239.0,5.0,44.668008048289735,0.10649350649350649,172596.75,271416.85000000003,2021-09,223.3400402414487,419738.52,0.019733063063063064
2021-09-01,Paid Social,214000.0,1640.0,130.49,58000.0,1070.0,428.0,1080.0,560.0,25000.0,21000.0,58000.0,1640000.0,32800.0,26000.0,15500.0,0.16242,4222.92,2522.51,209777.0,3.689655172413793,54.205607476635514,0.0656,73074.40000000001,140929.2,2021-09,200.0,194277.08,0.019733271028037385
2021-10-01,Affiliate,65000.0,550.0,118.18,13000.0,321.0,107.0,320.0,230.0,2950.0,2650.0,13000.0,650000.0,3250.0,26500.0,15750.0,0.04854,1286.33,767.49,63714.0,5.0,40.49844236760124,0.1864406779661017,27181.4,37817.600000000006,2021-10,202.49221183800623,47963.67,0.019789692307692307
2021-10-01,Direct,197000.0,1570.0,125.48,0.0,825.0,1237.0,835.0,735.0,14700.0,12700.0,0.0,0.0,0.0,26500.0,15750.0,0.14711,3898.41,2326.35,193102.0,,0.0,0.10680272108843537,92227.8,104775.8,2021-10,238.78787878787878,177351.59,0.019788883248730963
2021-10-01,Email,285000.0,2550.0,111.76,5300.0,1025.0,4100.0,1035.0,1515.0,24500.0,19500.0,5300.0,265000.0,26500.0,26500.0,15750.0,0.21282,5640.0,3364.73,279360.0,53.77358490566038,5.170731707317073,0.10408163265306122,169316.4,115671.6,2021-10,278.0487804878049,263610.0,0.019789473684210527
2021-10-01,Organic Social,118000.0,1080.0,109.26,2650.0,441.0,1764.0,455.0,625.0,9800.0,7800.0,2650.0,128000.0,6400.0,26500.0,15750.0,0.08812,2335.19,1393.13,115665.0,44.528301886792455,6.00907029478458,0.11020408163265306,68287.5,49713.3,2021-10,267.5736961451247,99914.81,0.019789745762711863
2021-10-01,Paid Search,452000.0,3340.0,135.33,90400.0,2024.0,810.0,2040.0,1300.0,31400.0,27400.0,90400.0,1808000.0,36160.0,26500.0,15750.0,0.33753,8944.55,5336.72,443055.0,5.0,44.66403162055336,0.10636942675159236,175929.00000000003,276073.2,2021-10,223.3201581027668,427305.45,0.019788827433628316
2021-10-01,Paid Social,217000.0,1670.0,129.94,59000.0,1085.0,434.0,1095.0,575.0,25500.0,21500.0,59000.0,1670000.0,33400.0,26500.0,15750.0,0.16203,4293.84,2561.46,212706.0,3.6779661016949152,54.3778801843318,0.06549019607843137,74715.5,142284.3,2021-10,200.0,196956.16,0.019787281105990782
2021-11-01,Affiliate,66000.0,560.0,117.86,13200.0,327.0,109.0,325.0,235.0,3000.0,2700.0,13200.0,660000.0,3300.0,27000.0,16000.0,0.04856,1311.12,778.08,64689.0,5.0,40.36697247706422,0.18666666666666668,27697.1,38304.5,2021-11,201.8348623853211,48688.88,0.019865454545454544
2021-11-01,Direct,200000.0,1600.0,125.0,0.0,840.0,1260.0,850.0,750.0,15000.0,13000.0,0.0,0.0,0.0,27000.0,16000.0,0.14717,3973.59,2353.92,196026.0,,0.0,0.10666666666666667,93750.0,106250.0,2021-11,238.0952380952381,180026.41,0.019867950000000002
2021-11-01,Email,290000.0,2600.0,111.54,5400.0,1040.0,4160.0,1050.0,1550.0,25000.0,20000.0,5400.0,270000.0,27000.0,27000.0,16000.0,0.21339,5761.53,3414.24,284238.0,53.7037037037037,5.1923076923076925,0.104,172887.0,117117.0,2021-11,278.84615384615387,268238.47,0.019867344827586206
2021-11-01,Organic Social,120000.0,1100.0,109.09,2650.0,450.0,1800.0,465.0,635.0,10000.0,8000.0,2650.0,130000.0,6500.0,27000.0,16000.0,0.0883,2384.1,1412.8,117616.0,45.283018867924525,5.888888888888889,0.11,69272.15000000001,50726.85,2021-11,266.6666666666667,101615.9,0.0198675
2021-11-01,Paid Search,458000.0,3400.0,134.71,91600.0,2060.0,824.0,2080.0,1320.0,32000.0,28000.0,91600.0,1832000.0,36640.0,27000.0,16000.0,0.337,9100.0,5392.0,448900.0,5.0,44.46601941747573,0.10625,177817.2,280196.8,2021-11,222.33009708737865,432900.0,0.019868995633187773
2021-11-01,Paid Social,220000.0,1700.0,129.41,60000.0,1086.0,434.0,1100.0,600.0,26000.0,22000.0,60000.0,1700000.0,34000.0,27000.0,16000.0,0.16188,4370.76,2589.96,215629.0,3.6666666666666665,55.248618784530386,0.06538461538461539,77646.0,142351.0,2021-11,202.57826887661142,199629.24,0.01986709090909091
2021-12-01,Affiliate,68000.0,580.0,117.24,13600.0,333.0,111.0,335.0,245.0,3100.0,2800.0,13600.0,680000.0,3400.0,28000.0,16500.0,0.04847,1357.16,800.0,66643.0,5.0,40.84084084084084,0.1870967741935484,28723.8,39275.4,2021-12,204.20420420420422,50142.84,0.019958235294117648
2021-12-01,Direct,205000.0,1650.0,124.24,0.0,855.0,1282.0,865.0,785.0,15500.0,13500.0,0.0,0.0,0.0,28000.0,16500.0,0.14615,4092.2,2411.48,200908.0,,0.0,0.1064516129032258,97528.4,107467.59999999999,2021-12,239.76608187134502,184407.8,0.019961951219512195
2021-12-01,Email,300000.0,2700.0,111.11,5600.0,1070.0,4280.0,1080.0,1620.0,26000.0,21000.0,5600.0,280000.0,28000.0,28000.0,16500.0,0.21389,5988.92,3529.19,294011.0,53.57142857142857,5.233644859813084,0.10384615384615385,179998.2,119998.8,2021-12,280.3738317757009,277511.08,0.019963066666666668
2021-12-01,Organic Social,125000.0,1150.0,108.7,2750.0,440.0,1760.0,450.0,700.0,10500.0,8500.0,2750.0,135000.0,6750.0,28000.0,16500.0,0.0891,2494.8,1470.15,122505.0,45.45454545454545,6.25,0.10952380952380952,76090.0,48915.0,2021-12,284.09090909090907,106005.2,0.0199584
2021-12-01,Paid Search,478000.0,3540.0,135.03,95600.0,2108.0,843.0,2125.0,1415.0,33000.0,29000.0,95600.0,1912000.0,38240.0,28000.0,16500.0,0.34073,9540.44,5622.05,468459.0,5.0,45.35104364326376,0.10727272727272727,191067.45,286938.75,2021-12,226.75521821631878,451959.56,0.019959079497907952
2021-12-01,Paid Social,227000.0,1770.0,128.25,61000.0,1100.0,440.0,1110.0,660.0,26500.0,22500.0,61000.0,1720000.0,34400.0,28000.0,16500.0,0.16184,4531.52,2670.36,222468.0,3.721311475409836,55.45454545454545,0.06679245283018868,84645.0,142357.5,2021-12,206.36363636363637,205968.48,0.01996264317180617
2022-09-01,Organic Social,121000.0,1110.0,109.01,2650.0,441.0,1764.0,455.0,655.0,9800.0,7800.0,2650.0,131000.0,6550.0,27000.0,16000.0,0.08903,2403.81,1424.48,118596.0,45.660377358490564,6.00907029478458,0.11326530612244898,71401.55,49599.55,2022-09,274.3764172335601,102596.19,0.019866198347107438
